<?xml version="1.0" encoding="UTF-8"?>
<!DOCTYPE html PUBLIC "-//W3C//DTD XHTML 1.0 Transitional//EN"
    "http://www.w3.org/TR/xhtml1/DTD/xhtml1-transitional.dtd">
<html xmlns="http://www.w3.org/1999/xhtml" xml:lang="en" lang="en">
 <head>
  <title>
</title>
<meta http-equiv="Content-Type" content="text/html;charset=utf-8" />
  <meta name='ocr-system' content='tesseract 3.04.00' />
  <meta name='ocr-capabilities' content='ocr_page ocr_carea ocr_par ocr_line ocrx_word'/>
</head>
<body>
  <div class='ocr_page' id='page_1' title='image "./delibritertiica00kleegoog_0030.png"; bbox 0 0 2894 4838; ppageno 0'>
   <div class='ocr_carea' id='block_1_1' title="bbox 113 195 1261 872">
    <p class='ocr_par' dir='ltr' id='par_1_1' title="bbox 113 195 1261 872">
     <span class='ocr_line' id='line_1_1' title="bbox 618 195 764 284; baseline 0 -33"><span class='ocrx_word' id='word_1_1' title='bbox 618 195 764 284; x_wconf 38' lang='lat'><strong>*23-</strong></span> 
     </span>
     <span class='ocr_line' id='line_1_2' title="bbox 114 395 1261 473; baseline -0.003 -13"><span class='ocrx_word' id='word_1_2' title='bbox 114 417 180 460; x_wconf 90' lang='lat' dir='ltr'><strong>cnm</strong></span> <span class='ocrx_word' id='word_1_3' title='bbox 201 416 260 458; x_wconf 94' lang='lat' dir='ltr'><strong>non</strong></span> <span class='ocrx_word' id='word_1_4' title='bbox 280 399 378 473; x_wconf 82' lang='lat' dir='ltr'><strong>paucis</strong></span> <span class='ocrx_word' id='word_1_5' title='bbox 399 397 491 470; x_wconf 87' lang='lat' dir='ltr'><strong>poetis</strong></span> <span class='ocrx_word' id='word_1_6' title='bbox 511 395 646 471; x_wconf 80' lang='lat' dir='ltr'><strong>Augusto</strong></span> <span class='ocrx_word' id='word_1_7' title='bbox 667 395 834 469; x_wconf 88' lang='lat' dir='ltr'><strong>aequalibbs</strong></span> <span class='ocrx_word' id='word_1_8' title='bbox 855 396 927 458; x_wconf 89' lang='lat' dir='ltr'><strong>Hor.</strong></span> <span class='ocrx_word' id='word_1_9' title='bbox 939 413 1027 457; x_wconf 86' lang='lat' dir='ltr'><strong>carm</strong></span> <span class='ocrx_word' id='word_1_10' title='bbox 1042 397 1080 470; x_wconf 83' lang='grc' dir='ltr'><strong>Π,</strong></span> <span class='ocrx_word' id='word_1_11' title='bbox 1099 400 1147 470; x_wconf 87' lang='grc'><strong>16,</strong></span> <span class='ocrx_word' id='word_1_12' title='bbox 1163 398 1203 456; x_wconf 86' lang='grc'><strong>39</strong></span> <span class='ocrx_word' id='word_1_13' title='bbox 1218 413 1261 471; x_wconf 88' lang='lat' dir='ltr'><strong>sq.</strong></span> 
     </span>
     <span class='ocr_line' id='line_1_3' title="bbox 113 493 1261 576; baseline 0.002 -20"><span class='ocrx_word' id='word_1_14' title='bbox 113 501 168 576; x_wconf 89' lang='lat'>111,</span> <span class='ocrx_word' id='word_1_15' title='bbox 195 503 223 570; x_wconf 89' lang='lat'><strong>1,</strong></span> <span class='ocrx_word' id='word_1_16' title='bbox 249 502 274 556; x_wconf 93' lang='lat'><strong>1.</strong></span> <span class='ocrx_word' id='word_1_17' title='bbox 296 499 384 571; x_wconf 78' lang='lat' dir='ltr'><strong>Terg.</strong></span> <span class='ocrx_word' id='word_1_18' title='bbox 408 493 501 555; x_wconf 84' lang='lat' dir='ltr'><strong>Gatal.</strong></span> <span class='ocrx_word' id='word_1_19' title='bbox 514 495 567 567; x_wconf 89' lang='lat' dir='ltr'><strong>XI,</strong></span> <span class='ocrx_word' id='word_1_20' title='bbox 592 495 641 568; x_wconf 78' lang='lat'><strong>64,</strong></span> <span class='ocrx_word' id='word_1_21' title='bbox 664 511 718 555; x_wconf 91' lang='lat' dir='ltr'><strong>neo</strong></span> <span class='ocrx_word' id='word_1_22' title='bbox 739 496 856 564; x_wconf 82' lang='lat' dir='ltr'><strong>diutius,</strong></span> <span class='ocrx_word' id='word_1_23' title='bbox 877 503 909 556; x_wconf 81' lang='lat' dir='ltr'><strong>ui</strong></span> <span class='ocrx_word' id='word_1_24' title='bbox 936 496 1077 557; x_wconf 87' lang='lat' dir='ltr'><strong>eiusmodi</strong></span> <span class='ocrx_word' id='word_1_25' title='bbox 1104 500 1261 558; x_wconf 88' lang='lat' dir='ltr'><strong>sententias</strong></span> 
     </span>
     <span class='ocr_line' id='line_1_4' title="bbox 113 594 1121 671; baseline -0.001 -15"><span class='ocrx_word' id='word_1_26' title='bbox 113 599 255 671; x_wconf 80' lang='lat' dir='ltr'>reperias,</span> <span class='ocrx_word' id='word_1_27' title='bbox 275 596 354 670; x_wconf 90' lang='lat' dir='ltr'><strong>apud</strong></span> <span class='ocrx_word' id='word_1_28' title='bbox 376 595 509 656; x_wconf 86' lang='lat' dir='ltr'><strong>Ovidium</strong></span> <span class='ocrx_word' id='word_1_29' title='bbox 531 611 659 667; x_wconf 89' lang='lat' dir='ltr'><strong>quaeres.</strong></span> <span class='ocrx_word' id='word_1_30' title='bbox 693 594 751 654; x_wconf 84' lang='lat' dir='ltr'><strong>Sed</strong></span> <span class='ocrx_word' id='word_1_31' title='bbox 771 595 845 655; x_wconf 92' lang='lat' dir='ltr'><strong>baec</strong></span> <span class='ocrx_word' id='word_1_32' title='bbox 865 596 1014 656; x_wconf 85' lang='lat' dir='ltr'><strong>hactenus.</strong></span> <span class='ocrx_word' id='word_1_33' title='bbox 1118 661 1121 667; x_wconf 24' lang='lat'><strong>⁴</strong></span> 
     </span>
     <span class='ocr_line' id='line_1_5' title="bbox 200 693 1261 770; baseline -0.001 -15"><span class='ocrx_word' id='word_1_34' title='bbox 200 697 262 756; x_wconf 91' lang='lat' dir='ltr'><strong>lam</strong></span> <span class='ocrx_word' id='word_1_35' title='bbox 282 697 399 770; x_wconf 78' lang='lat' dir='ltr'><strong>longum</strong></span> <span class='ocrx_word' id='word_1_36' title='bbox 422 695 585 754; x_wconf 55' lang='lat' dir='ltr'><strong>est‘omnia</strong></span> <span class='ocrx_word' id='word_1_37' title='bbox 606 708 759 753; x_wconf 88' lang='lat' dir='ltr'><strong>recensere</strong></span> <span class='ocrx_word' id='word_1_38' title='bbox 787 693 911 754; x_wconf 88' lang='lat' dir='ltr'><strong>artificia</strong></span> <span class='ocrx_word' id='word_1_39' title='bbox 939 711 1012 768; x_wconf 88' lang='lat' dir='ltr'><strong>quae</strong></span> <span class='ocrx_word' id='word_1_40' title='bbox 1035 695 1134 769; x_wconf 84' lang='lat' dir='ltr'><strong>Spobn</strong></span> <span class='ocrx_word' id='word_1_41' title='bbox 1157 695 1261 769; x_wconf 89' lang='lat' dir='ltr'><strong>aliique</strong></span> 
     </span>
     <span class='ocr_line' id='line_1_6' title="bbox 117 792 1260 872; baseline -0.003 -15"><span class='ocrx_word' id='word_1_42' title='bbox 117 796 317 872; x_wconf 80' lang='lat' dir='ltr'><strong>adhibuerunt,</strong></span> <span class='ocrx_word' id='word_1_43' title='bbox 341 800 374 853; x_wconf 83' lang='lat' dir='ltr'><strong>ui</strong></span> <span class='ocrx_word' id='word_1_44' title='bbox 395 795 524 854; x_wconf 84' lang='lat' dir='ltr'><strong>carmina</strong></span> <span class='ocrx_word' id='word_1_45' title='bbox 544 794 611 852; x_wconf 88' lang='lat' dir='ltr'><strong>libri</strong></span> <span class='ocrx_word' id='word_1_46' title='bbox 631 794 712 853; x_wconf 83' lang='lat' dir='ltr'><strong>tertii</strong></span> <span class='ocrx_word' id='word_1_47' title='bbox 733 792 848 854; x_wconf 88' lang='lat' dir='ltr'>Tibullo</span> <span class='ocrx_word' id='word_1_48' title='bbox 869 801 1026 855; x_wconf 88' lang='lat' dir='ltr'><strong>servarent.</strong></span> <span class='ocrx_word' id='word_1_49' title='bbox 1061 795 1170 855; x_wconf 75' lang='lat' dir='ltr'><strong>Omitto</strong></span> <span class='ocrx_word' id='word_1_50' title='bbox 1192 812 1260 855; x_wconf 94' lang='lat' dir='ltr'><strong>con·</strong></span> 
     </span>
    </p>
   </div>
   <div class='ocr_carea' id='block_1_2' title="bbox 115 894 1364 967">
    <p class='ocr_par' dir='ltr' id='par_1_2' title="bbox 115 894 1364 967">
     <span class='ocr_line' id='line_1_7' title="bbox 115 894 1364 967; baseline 0 -13"><span class='ocrx_word' id='word_1_51' title='bbox 115 898 258 955; x_wconf 83' lang='lat' dir='ltr'><strong>lecturam</strong></span> <span class='ocrx_word' id='word_1_52' title='bbox 279 896 334 954; x_wconf 83' lang='lat' dir='ltr'><strong>viri</strong></span> <span class='ocrx_word' id='word_1_53' title='bbox 354 894 521 966; x_wconf 81' lang='lat' dir='ltr'><strong>doctissimi,</strong></span> <span class='ocrx_word' id='word_1_54' title='bbox 544 897 592 967; x_wconf 87' lang='lat' dir='ltr'><strong>qui</strong></span> <span class='ocrx_word' id='word_1_55' title='bbox 614 910 679 952; x_wconf 89' lang='lat' dir='ltr'><strong>cum</strong></span> <span class='ocrx_word' id='word_1_56' title='bbox 699 894 817 952; x_wconf 89' lang='lat' dir='ltr'><strong>Delium</strong></span> <span class='ocrx_word' id='word_1_57' title='bbox 838 894 925 953; x_wconf 90' lang='lat' dir='ltr'><strong>deum</strong></span> <span class='ocrx_word' id='word_1_58' title='bbox 945 894 976 954; x_wconf 93' lang='lat' dir='ltr'><strong>in</strong></span> <span class='ocrx_word' id='word_1_59' title='bbox 998 910 1022 953; x_wconf 92' lang='lat' dir='ltr'><strong>c.</strong></span> <span class='ocrx_word' id='word_1_60' title='bbox 1047 897 1074 951; x_wconf 87' lang='lat'><strong>4.</strong></span> <span class='ocrx_word' id='word_1_61' title='bbox 1088 911 1112 953; x_wconf 85' lang='lat' dir='ltr'><strong>v.</strong></span> <span class='ocrx_word' id='word_1_62' title='bbox 1129 895 1168 951; x_wconf 83' lang='grc'><strong>70</strong></span> <span class='ocrx_word' id='word_1_63' title='bbox 1183 911 1261 954; x_wconf 91' lang='lat' dir='ltr'><strong>com·</strong></span> <span class='ocrx_word' id='word_1_64' title='bbox 1359 903 1364 912; x_wconf 88' lang='lat'>&#39;</span> 
     </span>
    </p>
   </div>
   <div class='ocr_carea' id='block_1_3' title="bbox 114 992 1263 1751">
    <p class='ocr_par' dir='ltr' id='par_1_3' title="bbox 114 992 1261 1366">
     <span class='ocr_line' id='line_1_8' title="bbox 114 992 1261 1068; baseline 0.001 -15"><span class='ocrx_word' id='word_1_65' title='bbox 114 1001 305 1054; x_wconf 75' lang='lat' dir='ltr'><strong>memoratum</strong></span> <span class='ocrx_word' id='word_1_66' title='bbox 325 993 435 1054; x_wconf 76' lang='lat' dir='ltr'><strong>referat</strong></span> <span class='ocrx_word' id='word_1_67' title='bbox 455 994 494 1068; x_wconf 83' lang='lat' dir='ltr'><strong>ad</strong></span> <span class='ocrx_word' id='word_1_68' title='bbox 513 994 628 1055; x_wconf 82' lang='lat' dir='ltr'><strong>Deliam</strong></span> <span class='ocrx_word' id='word_1_69' title='bbox 649 992 785 1066; x_wconf 79' lang='lat' dir='ltr'>puellam,</span> <span class='ocrx_word' id='word_1_70' title='bbox 807 993 863 1053; x_wconf 88' lang='lat' dir='ltr'><strong>boc</strong></span> <span class='ocrx_word' id='word_1_71' title='bbox 883 996 998 1053; x_wconf 88' lang='lat' dir='ltr'><strong>nomine</strong></span> <span class='ocrx_word' id='word_1_72' title='bbox 1012 994 1119 1052; x_wconf 82' lang='lat' dir='ltr'><strong>Tibulli</strong></span> <span class='ocrx_word' id='word_1_73' title='bbox 1139 996 1261 1054; x_wconf 78' lang='lat' dir='ltr'><strong>amicam</strong></span> 
     </span>
     <span class='ocr_line' id='line_1_9' title="bbox 115 1091 1261 1180; baseline 0 -28"><span class='ocrx_word' id='word_1_74' title='bbox 115 1093 308 1169; x_wconf 80' lang='lat' dir='ltr'><strong>significatam</strong></span> <span class='ocrx_word' id='word_1_75' title='bbox 329 1108 393 1153; x_wconf 87' lang='lat' dir='ltr'><strong>esse</strong></span> <span class='ocrx_word' id='word_1_76' title='bbox 414 1099 506 1167; x_wconf 79' lang='lat' dir='ltr'><strong>putat.</strong></span> <span class='ocrx_word' id='word_1_77' title='bbox 543 1093 643 1165; x_wconf 85' lang='lat' dir='ltr'>Neque</span> <span class='ocrx_word' id='word_1_78' title='bbox 658 1091 835 1166; x_wconf 83' lang='lat' dir='ltr'><strong>probabilius</strong></span> <span class='ocrx_word' id='word_1_79' title='bbox 856 1091 973 1152; x_wconf 82' lang='lat' dir='ltr'><strong>Passow</strong></span> <span class='ocrx_word' id='word_1_80' title='bbox 988 1092 1138 1180; x_wconf 85' lang='lat' dir='ltr'><strong>adnotavit</strong></span> <span class='ocrx_word' id='word_1_81' title='bbox 1154 1108 1261 1152; x_wconf 89' lang='lat' dir='ltr'><strong>nomen</strong></span> 
     </span>
     <span class='ocr_line' id='line_1_10' title="bbox 115 1189 1261 1268; baseline -0.001 -17"><span class='ocrx_word' id='word_1_82' title='bbox 115 1193 260 1268; x_wconf 81' lang='lat' dir='ltr'><strong>Lygdami</strong></span> <span class='ocrx_word' id='word_1_83' title='bbox 273 1189 295 1266; x_wconf 86' lang='lat'><strong>¹)</strong></span> <span class='ocrx_word' id='word_1_84' title='bbox 314 1191 394 1252; x_wconf 83' lang='lat' dir='ltr'><strong>Albii</strong></span> <span class='ocrx_word' id='word_1_85' title='bbox 415 1194 611 1266; x_wconf 84' lang='lat' dir='ltr'><strong>praenominis</strong></span> <span class='ocrx_word' id='word_1_86' title='bbox 632 1193 763 1252; x_wconf 87' lang='lat' dir='ltr'><strong>versione</strong></span> <span class='ocrx_word' id='word_1_87' title='bbox 783 1197 879 1252; x_wconf 85' lang='lat' dir='ltr'><strong>ortum</strong></span> <span class='ocrx_word' id='word_1_88' title='bbox 892 1191 991 1266; x_wconf 80' lang='lat' dir='ltr'><strong>videri,</strong></span> <span class='ocrx_word' id='word_1_89' title='bbox 1008 1193 1134 1267; x_wconf 85' lang='lat' dir='ltr'><strong>quamvis</strong></span> <span class='ocrx_word' id='word_1_90' title='bbox 1155 1193 1261 1251; x_wconf 80' lang='lat' dir='ltr'><strong>utrim-</strong></span> 
     </span>
     <span class='ocr_line' id='line_1_11' title="bbox 115 1291 775 1366; baseline -0.005 -16"><span class='ocrx_word' id='word_1_91' title='bbox 115 1309 173 1366; x_wconf 91' lang='lat' dir='ltr'><strong>que</strong></span> <span class='ocrx_word' id='word_1_92' title='bbox 193 1291 325 1353; x_wconf 88' lang='lat' dir='ltr'><strong>vocabuli</strong></span> <span class='ocrx_word' id='word_1_93' title='bbox 344 1294 483 1366; x_wconf 86' lang='lat' dir='ltr'><strong>prosodia</strong></span> <span class='ocrx_word' id='word_1_94' title='bbox 504 1309 563 1353; x_wconf 92' lang='lat' dir='ltr'><strong>non</strong></span> <span class='ocrx_word' id='word_1_95' title='bbox 585 1293 775 1352; x_wconf 77' lang='lat' dir='ltr'><strong>contradicat.</strong></span> 
     </span>
    </p>

    <p class='ocr_par' dir='ltr' id='par_1_4' title="bbox 114 1390 1263 1751">
     <span class='ocr_line' id='line_1_12' title="bbox 198 1390 1262 1464; baseline 0.002 -14"><span class='ocrx_word' id='word_1_96' title='bbox 198 1392 253 1451; x_wconf 88' lang='lat' dir='ltr'><strong>Illa</strong></span> <span class='ocrx_word' id='word_1_97' title='bbox 275 1398 445 1464; x_wconf 77' lang='lat' dir='ltr'><strong>argumenta</strong></span> <span class='ocrx_word' id='word_1_98' title='bbox 467 1409 533 1451; x_wconf 86' lang='lat' dir='ltr'><strong>cunr</strong></span> <span class='ocrx_word' id='word_1_99' title='bbox 556 1393 617 1450; x_wconf 91' lang='lat' dir='ltr'><strong>sola</strong></span> <span class='ocrx_word' id='word_1_100' title='bbox 637 1390 782 1452; x_wconf 78' lang='lat' dir='ltr'><strong>sufficiant</strong></span> <span class='ocrx_word' id='word_1_101' title='bbox 809 1392 846 1452; x_wconf 94' lang='lat' dir='ltr'><strong>ad</strong></span> <span class='ocrx_word' id='word_1_102' title='bbox 873 1391 979 1451; x_wconf 91' lang='lat' dir='ltr'><strong>librum</strong></span> <span class='ocrx_word' id='word_1_103' title='bbox 1008 1393 1123 1452; x_wconf 84' lang='lat' dir='ltr'><strong>tertium</strong></span> <span class='ocrx_word' id='word_1_104' title='bbox 1146 1391 1262 1452; x_wconf 80' lang='lat' dir='ltr'><strong>Tibullo</strong></span> 
     </span>
     <span class='ocr_line' id='line_1_13' title="bbox 114 1491 1263 1566; baseline 0.001 -16"><span class='ocrx_word' id='word_1_105' title='bbox 114 1491 346 1565; x_wconf 88' lang='lat' dir='ltr'><strong>abiudioandum,</strong></span> <span class='ocrx_word' id='word_1_106' title='bbox 368 1497 480 1552; x_wconf 84' lang='lat' dir='ltr'><strong>restani</strong></span> <span class='ocrx_word' id='word_1_107' title='bbox 499 1493 558 1552; x_wconf 92' lang='lat' dir='ltr'><strong>alia</strong></span> <span class='ocrx_word' id='word_1_108' title='bbox 580 1498 609 1552; x_wconf 82' lang='lat' dir='ltr'><strong>ei</strong></span> <span class='ocrx_word' id='word_1_109' title='bbox 629 1493 770 1564; x_wconf 89' lang='lat' dir='ltr'><strong>imprimis</strong></span> <span class='ocrx_word' id='word_1_110' title='bbox 784 1508 833 1552; x_wconf 89' lang='lat' dir='ltr'><strong>ars</strong></span> <span class='ocrx_word' id='word_1_111' title='bbox 847 1494 968 1552; x_wconf 74' lang='lat' dir='ltr'><strong>metrica</strong></span> <span class='ocrx_word' id='word_1_112' title='bbox 990 1496 1020 1550; x_wconf 87' lang='lat' dir='ltr'><strong>et</strong></span> <span class='ocrx_word' id='word_1_113' title='bbox 1041 1508 1130 1566; x_wconf 79' lang='lat' dir='ltr'><strong>genus</strong></span> <span class='ocrx_word' id='word_1_114' title='bbox 1149 1491 1263 1552; x_wconf 89' lang='lat' dir='ltr'><strong>dicendi</strong></span> 
     </span>
     <span class='ocr_line' id='line_1_14' title="bbox 114 1589 1262 1666; baseline 0.003 -20"><span class='ocrx_word' id='word_1_115' title='bbox 114 1589 184 1648; x_wconf 87' lang='lat' dir='ltr'><strong>libri</strong></span> <span class='ocrx_word' id='word_1_116' title='bbox 205 1592 284 1650; x_wconf 81' lang='lat' dir='ltr'><strong>tertii</strong></span> <span class='ocrx_word' id='word_1_117' title='bbox 305 1607 322 1652; x_wconf 88' lang='lat' dir='ltr'><strong>a</strong></span> <span class='ocrx_word' id='word_1_118' title='bbox 343 1593 455 1652; x_wconf 80' lang='lat' dir='ltr'><strong>Tibullo</strong></span> <span class='ocrx_word' id='word_1_119' title='bbox 477 1609 535 1652; x_wconf 91' lang='lat' dir='ltr'><strong>non</strong></span> <span class='ocrx_word' id='word_1_120' title='bbox 556 1591 743 1652; x_wconf 83' lang='lat' dir='ltr'><strong>mediocriter</strong></span> <span class='ocrx_word' id='word_1_121' title='bbox 763 1593 866 1666; x_wconf 86' lang='lat' dir='ltr'><strong>aliena,</strong></span> <span class='ocrx_word' id='word_1_122' title='bbox 879 1608 951 1665; x_wconf 88' lang='lat' dir='ltr'><strong>quae</strong></span> <span class='ocrx_word' id='word_1_123' title='bbox 972 1593 1112 1652; x_wconf 88' lang='lat' dir='ltr'><strong>hocloco</strong></span> <span class='ocrx_word' id='word_1_124' title='bbox 1133 1597 1262 1665; x_wconf 83' lang='lat' dir='ltr'><strong>praeier-</strong></span> 
     </span>
     <span class='ocr_line' id='line_1_15' title="bbox 114 1689 812 1751; baseline 0.007 -5"><span class='ocrx_word' id='word_1_125' title='bbox 114 1689 233 1748; x_wconf 83' lang='lat' dir='ltr'><strong>mittere</strong></span> <span class='ocrx_word' id='word_1_126' title='bbox 253 1707 310 1750; x_wconf 91' lang='lat' dir='ltr'><strong>non</strong></span> <span class='ocrx_word' id='word_1_127' title='bbox 330 1692 408 1751; x_wconf 85' lang='lat' dir='ltr'><strong>licet.</strong></span> <span class='ocrx_word' id='word_1_128' title='bbox 809 1689 812 1695; x_wconf 81' lang='grc'><strong>’</strong></span> 
     </span>
    </p>
   </div>
   <div class='ocr_carea' id='block_1_4' title="bbox 112 1936 1263 2355">
    <p class='ocr_par' dir='ltr' id='par_1_5' title="bbox 112 1936 1263 2355">
     <span class='ocr_line' id='line_1_16' title="bbox 189 1936 1263 2008; baseline 0.002 -18"><span class='ocrx_word' id='word_1_129' title='bbox 189 1936 209 2004; x_wconf 87' lang='lat'><strong>¹)</strong></span> <span class='ocrx_word' id='word_1_130' title='bbox 230 1940 333 1990; x_wconf 84' lang='lat' dir='ltr'><strong>Nomen</strong></span> <span class='ocrx_word' id='word_1_131' title='bbox 358 1939 493 2006; x_wconf 79' lang='lat' dir='ltr'><strong>Lygdumi</strong></span> <span class='ocrx_word' id='word_1_132' title='bbox 518 1940 618 2008; x_wconf 80' lang='lat' dir='ltr'><strong>legitur</strong></span> <span class='ocrx_word' id='word_1_133' title='bbox 641 1944 745 2006; x_wconf 81' lang='lat' dir='ltr'><strong>praeter</strong></span> <span class='ocrx_word' id='word_1_134' title='bbox 767 1939 879 2004; x_wconf 88' lang='lat' dir='ltr'><strong>librum,</strong></span> <span class='ocrx_word' id='word_1_135' title='bbox 899 1937 932 1989; x_wconf 90' lang='lat' dir='ltr'><strong>de</strong></span> <span class='ocrx_word' id='word_1_136' title='bbox 956 1953 1008 2004; x_wconf 91' lang='lat' dir='ltr'><strong>quo</strong></span> <span class='ocrx_word' id='word_1_137' title='bbox 1032 1937 1129 2004; x_wconf 79' lang='lat' dir='ltr'><strong>agitur,</strong></span> <span class='ocrx_word' id='word_1_138' title='bbox 1152 1938 1263 1992; x_wconf 83' lang='lat' dir='ltr'><strong>tertium</strong></span> 
     </span>
     <span class='ocr_line' id='line_1_17' title="bbox 114 2023 1263 2092; baseline 0.002 -19"><span class='ocrx_word' id='word_1_139' title='bbox 114 2023 188 2089; x_wconf 83' lang='lat' dir='ltr'><strong>apud</strong></span> <span class='ocrx_word' id='word_1_140' title='bbox 212 2023 291 2090; x_wconf 87' lang='lat' dir='ltr'><strong>Prop.</strong></span> <span class='ocrx_word' id='word_1_141' title='bbox 315 2025 362 2092; x_wconf 87' lang='lat' dir='ltr'><strong>IV,</strong></span> <span class='ocrx_word' id='word_1_142' title='bbox 386 2025 411 2090; x_wconf 82' lang='lat'><strong>5,</strong></span> <span class='ocrx_word' id='word_1_143' title='bbox 438 2027 797 2079; x_wconf 77' lang='lat' dir='ltr'><strong>2.11.1e.24.31.eo.42.</strong></span> <span class='ocrx_word' id='word_1_144' title='bbox 825 2025 857 2088; x_wconf 89' lang='lat' dir='ltr'><strong>V,</strong></span> <span class='ocrx_word' id='word_1_145' title='bbox 885 2025 910 2092; x_wconf 81' lang='lat'><strong>7,</strong></span> <span class='ocrx_word' id='word_1_146' title='bbox 935 2026 979 2078; x_wconf 77' lang='grc'><strong>06.</strong></span> <span class='ocrx_word' id='word_1_147' title='bbox 1002 2027 1026 2092; x_wconf 87' lang='lat'><strong>8,</strong></span> <span class='ocrx_word' id='word_1_148' title='bbox 1053 2023 1263 2076; x_wconf 80' lang='grc'><strong>37.68.70.79.</strong></span> 
     </span>
     <span class='ocr_line' id='line_1_18' title="bbox 114 2109 1261 2185; baseline 0.001 -25"><span class='ocrx_word' id='word_1_149' title='bbox 114 2110 216 2161; x_wconf 82' lang='lat' dir='ltr'><strong>Lucan.</strong></span> <span class='ocrx_word' id='word_1_150' title='bbox 238 2109 329 2162; x_wconf 81' lang='lat' dir='ltr'><strong>Pharo.</strong></span> <span class='ocrx_word' id='word_1_151' title='bbox 355 2112 407 2177; x_wconf 89' lang='lat'>111,</span> <span class='ocrx_word' id='word_1_152' title='bbox 432 2115 482 2163; x_wconf 83' lang='grc'><strong>710</strong></span> <span class='ocrx_word' id='word_1_153' title='bbox 506 2119 533 2165; x_wconf 85' lang='lat' dir='ltr'><strong>et</strong></span> <span class='ocrx_word' id='word_1_154' title='bbox 556 2114 697 2180; x_wconf 87' lang='lat' dir='ltr'><strong>quinquies</strong></span> <span class='ocrx_word' id='word_1_155' title='bbox 733 2113 761 2185; x_wconf 79' lang='lat' dir='ltr'><strong>in</strong></span> <span class='ocrx_word' id='word_1_156' title='bbox 785 2111 1016 2178; x_wconf 72' lang='lat' dir='ltr'><strong>inscriptionibus,</strong></span> <span class='ocrx_word' id='word_1_157' title='bbox 1040 2113 1075 2164; x_wconf 84' lang='lat' dir='ltr'><strong>of.</strong></span> <span class='ocrx_word' id='word_1_158' title='bbox 1098 2110 1127 2163; x_wconf 84' lang='grc'><strong>0.</strong></span> <span class='ocrx_word' id='word_1_159' title='bbox 1147 2112 1168 2162; x_wconf 90' lang='lat' dir='ltr'><strong>l.</strong></span> <span class='ocrx_word' id='word_1_160' title='bbox 1187 2112 1218 2164; x_wconf 87' lang='lat' dir='ltr'><strong>N.</strong></span> <span class='ocrx_word' id='word_1_161' title='bbox 1234 2128 1261 2162; x_wconf 91' lang='lat' dir='ltr'><strong>n.</strong></span> 
     </span>
     <span class='ocr_line' id='line_1_19' title="bbox 114 2197 1262 2267; baseline -0.001 -19"><span class='ocrx_word' id='word_1_162' title='bbox 114 2197 343 2250; x_wconf 63' lang='lat' dir='ltr'><strong>commeasses</strong></span> <span class='ocrx_word' id='word_1_163' title='bbox 364 2215 389 2266; x_wconf 74' lang='lat' dir='ltr'><strong>g.</strong></span> <span class='ocrx_word' id='word_1_164' title='bbox 408 2200 478 2252; x_wconf 80' lang='grc'><strong>0310</strong></span> <span class='ocrx_word' id='word_1_165' title='bbox 496 2198 567 2267; x_wconf 82' lang='grc'><strong>(130)</strong></span> <span class='ocrx_word' id='word_1_166' title='bbox 587 2206 614 2253; x_wconf 83' lang='lat' dir='ltr'><strong>et</strong></span> <span class='ocrx_word' id='word_1_167' title='bbox 632 2205 660 2252; x_wconf 93' lang='lat' dir='ltr'><strong>in</strong></span> <span class='ocrx_word' id='word_1_168' title='bbox 680 2201 712 2254; x_wconf 78' lang='lat' dir='ltr'><strong>G.</strong></span> <span class='ocrx_word' id='word_1_169' title='bbox 731 2199 892 2252; x_wconf 81' lang='lat' dir='ltr'><strong>wilmannsi</strong></span> <span class='ocrx_word' id='word_1_170' title='bbox 909 2197 1047 2262; x_wconf 81' lang='lat' dir='ltr'><strong>Exemplis</strong></span> <span class='ocrx_word' id='word_1_171' title='bbox 1069 2198 1191 2263; x_wconf 78' lang='lat' dir='ltr'><strong>inscript.</strong></span> <span class='ocrx_word' id='word_1_172' title='bbox 1210 2197 1262 2248; x_wconf 78' lang='lat' dir='ltr'><strong>Le-</strong></span> 
     </span>
     <span class='ocr_line' id='line_1_20' title="bbox 112 2281 761 2355; baseline 0.009 -23"><span class='ocrx_word' id='word_1_173' title='bbox 112 2287 163 2335; x_wconf 80' lang='lat' dir='ltr'><strong>tin.</strong></span> <span class='ocrx_word' id='word_1_174' title='bbox 180 2281 280 2350; x_wconf 78' lang='lat' dir='ltr'><strong>(Batoi.</strong></span> <span class='ocrx_word' id='word_1_175' title='bbox 299 2281 378 2353; x_wconf 79' lang='grc'><strong>1813)</strong></span> <span class='ocrx_word' id='word_1_176' title='bbox 396 2301 436 2338; x_wconf 86' lang='lat' dir='ltr'><strong>nr.</strong></span> <span class='ocrx_word' id='word_1_177' title='bbox 454 2288 505 2336; x_wconf 78' lang='lat'><strong>412</strong></span> <span class='ocrx_word' id='word_1_178' title='bbox 522 2285 595 2355; x_wconf 79' lang='lat' dir='ltr'><strong>(lom.</strong></span> <span class='ocrx_word' id='word_1_179' title='bbox 614 2289 627 2340; x_wconf 93' lang='lat'>1</span> <span class='ocrx_word' id='word_1_180' title='bbox 645 2303 673 2355; x_wconf 88' lang='lat' dir='ltr'><strong>p.</strong></span> <span class='ocrx_word' id='word_1_181' title='bbox 693 2283 761 2354; x_wconf 76' lang='lat'>1³³).</span> 
     </span>
    </p>
   </div>
   <div class='ocr_carea' id='block_1_5' title="bbox 0 0 1452 4838">
    <p class='ocr_par' dir='ltr' id='par_1_6' title="bbox 0 0 1452 4838">
     <span class='ocr_line' id='line_1_21' title="bbox 0 0 1452 4838; baseline 0 0"><span class='ocrx_word' id='word_1_182' title='bbox 0 0 1452 4838; x_wconf 95' lang='lat' dir='ltr'><strong> </strong></span> 
     </span>
    </p>
   </div>
  </div>
 </body>
</html>
