2886 4844
570 315 717 402 *re-

70 528 154 575 amor
183 527 279 570 rerum
306 511 480 571 rusticarum
508 526 572 570 cnm
599 509 636 570 sit
661 510 742 584 quasi
762 509 981 568 fundamentum
1002 509 1097 581 poesis
1118 508 1218 570 Tibul·

70 614 179 687 lianae,
201 611 345 684 inprime
367 626 457 683 opere
479 625 537 669 non
558 609 644 669 modo
666 625 723 668 non
744 608 866 680 deesset,
888 608 939 668 scd
959 609 1050 667 multo
1070 611 1163 684 magis
1186 625 1218 669 se

71 715 240 772 ostentaret.
282 708 331 769 An
351 709 532 771 censebimus
555 709 700 768 Tibullum
721 709 798 768 huuc
817 708 894 766 ruris
916 721 1045 766 amorem
1072 713 1218 783 tamquam

73 817 183 872 uestem
214 811 390 886 deposuisse,
423 826 488 870 cum
521 811 647 882 quinque
674 806 725 867 illa
753 808 882 867 carmina
910 805 1119 880 componeret?
1162 805 1219 867 Sed

75 911 188 970 etiamsi
210 909 319 983 elegiae
337 897 403 969 illas
424 910 586 983 posteriore
607 915 737 981 tempore
757 906 880 979 scriptas
901 921 964 966 esse
984 907 1131 974 statueris,
1146 922 1220 981 quae

73 1009 218 1070 sententia
244 1023 337 1082 paene
364 1009 474 1068 nullam
502 1007 591 1068 habet
611 1003 854 1080 probabilitatem,
876 1021 914 1065 ne
934 1006 1111 1094 sicquidem
1132 1021 1221 1067 causa

74 1127 92 1170 a
114 1109 200 1170 nobis
220 1109 336 1182 prolata
355 1105 479 1168 refutari
499 1109 613 1180 poterit.
654 1105 658 1110 ’

163 1209 296 1284 Denique
326 1207 454 1269 absurda
482 1212 526 1268 est
557 1204 702 1266 sententia
730 1205 879 1264 nonnullis
910 1205 980 1264 viris
1013 1205 1104 1265 doctis
1132 1205 1223 1266 veliti

77 1310 185 1382 Vulpio
206 1309 353 1368 Huschlrio
372 1307 488 1369 Baucro
510 1312 640 1381 accepta,
664 1307 712 1380 qui
732 1309 849 1381 poetam
869 1307 899 1364 in
921 1306 1014 1378 primo
1041 1311 1071 1366 et
1097 1305 1223 1367 secundo

74 1409 158 1468 libris
190 1423 256 1468 snos
286 1408 422 1467 cecinisse
449 1423 579 1479 amores,
607 1409 639 1466 in
666 1406 753 1466 tertio
775 1411 872 1464 autem
893 1405 1004 1465 alienos
1034 1406 1224 1484 Neaeraeet

76 1506 224 1582 Lygdami
243 1508 325 1581 ignes
347 1507 508 1566 celebrasse
528 1510 641 1581 putant.
686 1503 806 1564 Plurimi
828 1520 904 1564 sane
917 1506 1091 1579 interpretes
1108 1525 1146 1567 er
1164 1507 1223 1568 illis

77 1605 296 1680 quinquelibri
324 1607 404 1666 tertii
435 1589 608 1666 carminibus
628 1621 727 1666 reram
757 1605 863 1664 amoris
890 1602 1016 1664 fabulam
1039 1611 1223 1681 componunt,

78 1723 135 1779 qno
156 1707 273 1766 Neaera
294 1711 324 1766 et
343 1697 510 1782 Lygdamus
531 1707 678 1766 coniuncti
698 1702 822 1764 fuerint:
866 1702 1011 1766 Neaeram
1032 1708 1108 1766 enim
1136 1705 1224 1780 perfi-

76 1806 145 1864 dam
165 1807 259 1866 virum
279 1806 324 1866 vel
345 1821 483 1884 sponsum
504 1806 674 1872 deseruisse,
696 1806 745 1878 qui
766 1804 811 1864 his
832 1805 1005 1864 carminibus
1029 1806 1137 1867 aeriter
1157 1823 1175 1866 a
1192 1823 1224 1867 se

77 1911 205 1967 amatam
225 1906 374 1966 mulierem
395 1921 567 1978 recuperare
588 1906 720 1965 voluerit.
762 1904 797 1962 Iu
818 1920 876 1978 qna
896 1906 1074 1979 coniectura,
1090 1911 1123 1965 ut
1136 1923 1226 1966 unum

77 2003 209 2081 afferam,
230 2021 336 2080 magua
363 2020 432 2079 pars
459 2004 581 2078 Gruppii
608 2006 772 2065 sententiae
797 2004 895 2077 posita
917 2020 981 2065 esse
1010 2003 1225 2096 mihiyidetur.

78 2105 136 2166 Sed
155 2109 221 2166 tota
240 2105 347 2166 amoris
367 2102 476 2179 fabula,
498 2105 628 2179 quamvis
649 2103 743 2162 tristis
765 2103 803 2164 sit
823 2104 964 2164 amatoris
994 2106 1101 2179 imago,
1129 2107 1227 2167 nescio

78 2223 116 2266 an
137 2204 273 2266 ficticium
292 2222 365 2280 prae
386 2222 419 2266 se
439 2203 516 2265 ferat
536 2206 663 2279 speciem
684 2204 852 2279 elegiaeque
873 2203 924 2275 III,
944 2204 1165 2263 1.2.3.4.6
1188 2206 1225 2267 ab

79 2303 273 2377 adulescente,
294 2307 344 2378 qui
363 2306 428 2377 ipse
447 2303 600 2363 rhetorum
621 2303 734 2365 scholas
756 2301 922 2378 frequentet
935 2303 982 2363 vel
995 2304 1110 2365 vixdum
1126 2321 1225 2380 egres·

79 2420 130 2463 sus
159 2405 207 2480 sit,
237 2403 411 2476 compositae
439 2405 506 2463 siut.
547 2401 668 2463 Poetam
697 2407 794 2463 autem
822 2404 1038 2464 adulescentem
1069 2404 1225 2467 admodum

79 2520 144 2564 esse
166 2519 285 2574 summa,
305 2519 363 2576 qua
383 2504 494 2579 elegiae
514 2503 583 2564 illae
604 2505 730 2579 insignes
751 2509 826 2577 sunt,
849 2504 983 2564 decentia
1003 2504 1117 2565 videtur
1136 2508 1226 2582 signi·

79 2603 178 2681 ficare,
203 2620 277 2677 quae
298 2607 377 2664 certo
397 2606 475 2664 inter
497 2605 593 2698 operis
613 2604 747 2664 iuuenilis
768 2609 852 2664 notas
872 2610 918 2665 est
930 2605 1118 2665 numeranda.
1149 2605 1225 2668 Sane

79 2704 109 2762 in
132 2702 263 2763 omuibus
291 2705 485 2764 monumentis
516 2704 639 2780 latinis,
663 2719 735 2777 quae
763 2721 811 2764 res
841 2705 997 2764 amatorias
1018 2709 1156 2779 tractant,
1178 2709 1227 2768 vix

79 2807 163 2863 tants
183 2819 295 2864 morum
316 2803 434 2864 castitas
454 2805 609 2871 invenitur,
631 2809 741 2878 quanta
760 2806 791 2863 in
812 2805 879 2863 illis.
913 2804 1013 2877 Neque
1028 2806 1106 2864 enim
1119 2803 1227 2867 Tibulli

80 2907 133 2963 aut
153 2902 301 2975 Propertii
327 2908 379 2963 aut
400 2901 495 2964 ovidii
522 2905 632 2980 elegiae
659 2902 818 2965 amaldriae
845 2901 1098 2978 significationibus
1126 2905 1226 2981 volup-

80 3008 177 3062 tatum
204 3017 357 3076 rerumque
377 3005 559 3066 ueneriarum
587 3011 695 3066 ament.
737 3005 800 3064 Nec
821 3011 917 3064 tamen
937 3005 993 3065 hae
1014 3022 1119 3066 causae
1147 3007 1227 3068 solae

81 3107 184 3162 eontra
213 3100 356 3163 Tibullum
384 3105 512 3179 proferri
541 3110 677 3179 possunt3
709 3104 849 3167 accedunt
879 3105 953 3165 aliae
981 3110 1011 3166 et
1038 3107 1128 3168 multo
1159 3123 1226 3182 gra·

81 3203 184 3276 riores,
208 3202 244 3263 de
266 3203 368 3277 quibus
387 3206 447 3264 iarn
467 3203 557 3264 uerba
578 3201 707 3264 facturus
727 3221 799 3263 sum.

164 3302 209 3362 Ac
228 3302 353 3376 primum
373 3304 525 3363 uomina
546 3303 713 3379 propria,
730 3320 809 3378 ‚quae
829 3303 967 3378 leguntur
986 3305 1017 3364 iu
1036 3303 1112 3366 libro
1139 3308 1228 3367 tertio

82 3403 292 3462 examinemus:
326 3401 508 3477 Lygdamum
528 3401 619 3463 habes
639 3404 671 3462 iu
687 3420 712 3463 c.
728 3405 747 3461 2
762 3420 788 3463 v.
803 3405 853 3477 29,
869 3403 1012 3465 Neaeram
1038 3409 1063 3477 1,
1088 3407 1115 3466 6.
1130 3408 1179 3468 23.
1197 3408 1226 3485 2,

86 3502 133 3559 12.
149 3502 199 3560 29.
221 3503 250 3577 3,
275 3501 368 3560 Lao.
390 3503 419 3576 4,
444 3503 559 3564 bido.
582 3505 611 3571 6,
633 3505 682 3564 29.
723 3504 786 3564 Iam
808 3504 951 3565 Neaeram
974 3504 1117 3580 quandam
1137 3524 1155 3568 a
1177 3509 1228 3569 Ti·

82 3600 163 3660 bullo
184 3607 309 3662 amatam
328 3603 559 3677 carminibusque
579 3603 754 3666 celebratam
776 3611 839 3664 esse
860 3605 947 3663 nullis
969 3607 1139 3666 testimoniis
1159 3623 1226 3668 con·

82 3699 253 3767 firmatur.²)
296 3701 407 3762 Scimus
429 3701 575 3762 Tibullum
595 3704 683 3763 trium
697 3705 859 3778 puellarum
879 3721 979 3766 amore
994 3712 1109 3780 captum
1122 3704 1226 3768 fuisse:

81 3801 184 3861 Deliae
205 3799 338 3861 Nemesis
360 3799 508 3876 Glycerae.

24 3891 26 3906 '
167 3899 283 3960 Ouidius
310 3917 374 3960 oum
403 3901 468 3961 Am.
490 3901 542 3976 III,
567 3904 594 3974 9,
623 3905 660 3963 31
687 3920 728 3978 sq.
759 3901 819 3976 (aie
848 3898 990 3965 Nemesis
1018 3900 1153 3987 lorcyum,
1182 3905 1228 3968 aio

82 3991 179 4058 Delio
200 4015 310 4058 umnec
331 3993 493 4074 habebunt,
509 3995 612 4060 alteru
632 4019 713 4062 eura
732 3999 966 4077 redamabere
982 4001 1109 4086 primm
1124 4007 1226 4081 aanor)

83 4100 196 4160 Deliam
227 4100 313 4161 fuisso
342 4102 466 4174 primam
495 4101 602 4162 Tibulli
622 4104 745 4164 amicam
774 4109 904 4172 testetur,
929 4105 1075 4166 Nemesim
1096 4107 1227 4168 ultimam

86 4231 166 4240 —m—

152 4295 172 4364 ¹)
192 4295 313 4350 Concedo
331 4313 384 4350 non
403 4299 489 4366 magis
507 4299 558 4352 hoo
577 4299 610 4350 de
629 4297 726 4352 Ouidio
745 4300 870 4352 traditum
890 4316 957 4354 esse.

1041 4387 1074 4438 ᾗ*
