<?xml version="1.0" encoding="UTF-8"?>
<!DOCTYPE html PUBLIC "-//W3C//DTD XHTML 1.0 Transitional//EN"
    "http://www.w3.org/TR/xhtml1/DTD/xhtml1-transitional.dtd">
<html xmlns="http://www.w3.org/1999/xhtml" xml:lang="en" lang="en">
 <head>
  <title>
</title>
<meta http-equiv="Content-Type" content="text/html;charset=utf-8" />
  <meta name='ocr-system' content='tesseract 3.04.00' />
  <meta name='ocr-capabilities' content='ocr_page ocr_carea ocr_par ocr_line ocrx_word'/>
</head>
<body>
  <div class='ocr_page' id='page_1' title='image "./delibritertiica00kleegoog_0009.png"; bbox 0 0 2894 4838; ppageno 0'>
   <div class='ocr_carea' id='block_1_1' title="bbox 762 294 780 350">
    <p class='ocr_par' dir='ltr' id='par_1_1' title="bbox 762 294 780 350">
     <span class='ocr_line' id='line_1_1' title="bbox 762 294 780 350; baseline 0 0"><span class='ocrx_word' id='word_1_1' title='bbox 762 294 780 350; x_wconf 81' lang='lat'><strong>2</strong></span> 
     </span>
    </p>
   </div>
   <div class='ocr_carea' id='block_1_2' title="bbox 695 376 843 384">
    <p class='ocr_par' dir='ltr' id='par_1_2' title="bbox 695 376 843 384">
     <span class='ocr_line' id='line_1_2' title="bbox 695 376 843 384; baseline 0.007 -1"><span class='ocrx_word' id='word_1_2' title='bbox 695 376 843 384; x_wconf 65' lang='lat' dir='ltr'>——u—</span> 
     </span>
    </p>
   </div>
   <div class='ocr_carea' id='block_1_3' title="bbox 198 493 1343 2867">
    <p class='ocr_par' dir='ltr' id='par_1_3' title="bbox 198 493 1343 1769">
     <span class='ocr_line' id='line_1_3' title="bbox 200 493 1343 572; baseline 0.006 -18"><span class='ocrx_word' id='word_1_3' title='bbox 200 511 374 572; x_wconf 89' lang='lat' dir='ltr'><strong>quamquam</strong></span> <span class='ocrx_word' id='word_1_4' title='bbox 400 501 429 556; x_wconf 91' lang='lat' dir='ltr'><strong>et</strong></span> <span class='ocrx_word' id='word_1_5' title='bbox 458 493 592 554; x_wconf 89' lang='lat' dir='ltr'><strong>tollendis</strong></span> <span class='ocrx_word' id='word_1_6' title='bbox 621 499 651 555; x_wconf 92' lang='lat' dir='ltr'><strong>et</strong></span> <span class='ocrx_word' id='word_1_7' title='bbox 676 495 897 570; x_wconf 80' lang='lat' dir='ltr'><strong>transponendis</strong></span> <span class='ocrx_word' id='word_1_8' title='bbox 926 497 1057 556; x_wconf 90' lang='lat' dir='ltr'><strong>versibus</strong></span> <span class='ocrx_word' id='word_1_9' title='bbox 1086 500 1172 558; x_wconf 90' lang='lat' dir='ltr'><strong>nimis</strong></span> <span class='ocrx_word' id='word_1_10' title='bbox 1201 499 1343 561; x_wconf 78' lang='lat' dir='ltr'>audacter</span> 
     </span>
     <span class='ocr_line' id='line_1_4' title="bbox 201 595 1339 674; baseline 0.003 -16"><span class='ocrx_word' id='word_1_11' title='bbox 201 598 330 658; x_wconf 88' lang='lat' dir='ltr'><strong>carmina</strong></span> <span class='ocrx_word' id='word_1_12' title='bbox 350 611 452 656; x_wconf 89' lang='lat' dir='ltr'><strong>sanare</strong></span> <span class='ocrx_word' id='word_1_13' title='bbox 466 595 590 672; x_wconf 88' lang='lat' dir='ltr'><strong>studuit,</strong></span> <span class='ocrx_word' id='word_1_14' title='bbox 623 602 719 656; x_wconf 64' lang='lat' dir='ltr'><strong>umen</strong></span> <span class='ocrx_word' id='word_1_15' title='bbox 741 611 810 654; x_wconf 91' lang='lat' dir='ltr'><strong>cura</strong></span> <span class='ocrx_word' id='word_1_16' title='bbox 832 611 883 654; x_wconf 89' lang='lat' dir='ltr'><strong>sua</strong></span> <span class='ocrx_word' id='word_1_17' title='bbox 905 597 1173 671; x_wconf 80' lang='lat' dir='ltr'><strong>quaestionibusque</strong></span> <span class='ocrx_word' id='word_1_18' title='bbox 1186 615 1205 658; x_wconf 91' lang='lat' dir='ltr'><strong>a</strong></span> <span class='ocrx_word' id='word_1_19' title='bbox 1219 615 1251 660; x_wconf 92' lang='lat' dir='ltr'><strong>ss</strong></span> <span class='ocrx_word' id='word_1_20' title='bbox 1270 617 1339 674; x_wconf 93' lang='lat' dir='ltr'><strong>pro·</strong></span> 
     </span>
     <span class='ocr_line' id='line_1_5' title="bbox 199 695 1337 773; baseline 0.003 -17"><span class='ocrx_word' id='word_1_21' title='bbox 199 698 303 773; x_wconf 86' lang='lat' dir='ltr'><strong>positis</strong></span> <span class='ocrx_word' id='word_1_22' title='bbox 322 697 415 756; x_wconf 89' lang='lat' dir='ltr'><strong>multa</strong></span> <span class='ocrx_word' id='word_1_23' title='bbox 434 696 531 755; x_wconf 90' lang='lat' dir='ltr'><strong>inesse</strong></span> <span class='ocrx_word' id='word_1_24' title='bbox 552 697 583 753; x_wconf 91' lang='lat' dir='ltr'><strong>iu</strong></span> <span class='ocrx_word' id='word_1_25' title='bbox 604 695 714 769; x_wconf 87' lang='lat' dir='ltr'><strong>elegiis,</strong></span> <span class='ocrx_word' id='word_1_26' title='bbox 737 710 809 768; x_wconf 83' lang='lat' dir='ltr'><strong>qnae</strong></span> <span class='ocrx_word' id='word_1_27' title='bbox 832 698 1009 756; x_wconf 88' lang='lat' dir='ltr'><strong>curationem</strong></span> <span class='ocrx_word' id='word_1_28' title='bbox 1025 697 1233 771; x_wconf 81' lang='lat' dir='ltr'><strong>desiderarent,</strong></span> <span class='ocrx_word' id='word_1_29' title='bbox 1255 701 1337 760; x_wconf 91' lang='lat' dir='ltr'><strong>lucu-</strong></span> 
     </span>
     <span class='ocr_line' id='line_1_6' title="bbox 199 795 1338 870; baseline 0.002 -13"><span class='ocrx_word' id='word_1_30' title='bbox 199 799 295 857; x_wconf 88' lang='lat' dir='ltr'><strong>lenter</strong></span> <span class='ocrx_word' id='word_1_31' title='bbox 322 795 457 855; x_wconf 86' lang='lat' dir='ltr'><strong>ostendit.</strong></span> <span class='ocrx_word' id='word_1_32' title='bbox 501 795 631 870; x_wconf 80' lang='lat' dir='ltr'><strong>Scaliger</strong></span> <span class='ocrx_word' id='word_1_33' title='bbox 653 800 750 854; x_wconf 91' lang='lat' dir='ltr'><strong>autem</strong></span> <span class='ocrx_word' id='word_1_34' title='bbox 781 795 907 855; x_wconf 91' lang='lat' dir='ltr'><strong>nondum</strong></span> <span class='ocrx_word' id='word_1_35' title='bbox 935 795 971 855; x_wconf 88' lang='lat' dir='ltr'><strong>de</strong></span> <span class='ocrx_word' id='word_1_36' title='bbox 1001 795 1175 856; x_wconf 82' lang='lat' dir='ltr'><strong>carminibus</strong></span> <span class='ocrx_word' id='word_1_37' title='bbox 1196 799 1240 857; x_wconf 90' lang='lat' dir='ltr'><strong>vel</strong></span> <span class='ocrx_word' id='word_1_38' title='bbox 1268 802 1338 859; x_wconf 91' lang='lat' dir='ltr'><strong>totis</strong></span> 
     </span>
     <span class='ocr_line' id='line_1_7' title="bbox 198 893 1337 973; baseline 0.004 -19"><span class='ocrx_word' id='word_1_39' title='bbox 198 895 283 956; x_wconf 92' lang='lat' dir='ltr'><strong>libris</strong></span> <span class='ocrx_word' id='word_1_40' title='bbox 310 895 424 955; x_wconf 86' lang='lat' dir='ltr'><strong>Tibullo</strong></span> <span class='ocrx_word' id='word_1_41' title='bbox 455 893 653 954; x_wconf 89' lang='lat' dir='ltr'><strong>abiudicandis</strong></span> <span class='ocrx_word' id='word_1_42' title='bbox 674 898 724 954; x_wconf 90' lang='lat' dir='ltr'><strong>aut</strong></span> <span class='ocrx_word' id='word_1_43' title='bbox 753 894 948 955; x_wconf 89' lang='lat' dir='ltr'><strong>adscribendis</strong></span> <span class='ocrx_word' id='word_1_44' title='bbox 969 897 1126 969; x_wconf 89' lang='lat' dir='ltr'><strong>quaesivit;</strong></span> <span class='ocrx_word' id='word_1_45' title='bbox 1149 898 1226 970; x_wconf 93' lang='lat' dir='ltr'><strong>quod</strong></span> <span class='ocrx_word' id='word_1_46' title='bbox 1247 916 1337 973; x_wconf 89' lang='lat' dir='ltr'><strong>genus</strong></span> 
     </span>
     <span class='ocr_line' id='line_1_8' title="bbox 200 993 1337 1072; baseline 0.003 -16"><span class='ocrx_word' id='word_1_47' title='bbox 200 998 274 1056; x_wconf 85' lang='lat' dir='ltr'><strong>artis</strong></span> <span class='ocrx_word' id='word_1_48' title='bbox 295 996 412 1056; x_wconf 86' lang='lat' dir='ltr'><strong>criticae</strong></span> <span class='ocrx_word' id='word_1_49' title='bbox 433 994 548 1054; x_wconf 84' lang='lat' dir='ltr'><strong>Tibullo</strong></span> <span class='ocrx_word' id='word_1_50' title='bbox 569 996 681 1067; x_wconf 92' lang='lat' dir='ltr'><strong>primns</strong></span> <span class='ocrx_word' id='word_1_51' title='bbox 695 993 809 1054; x_wconf 92' lang='lat' dir='ltr'><strong>videtur</strong></span> <span class='ocrx_word' id='word_1_52' title='bbox 829 995 922 1055; x_wconf 82' lang='lat' dir='ltr'><strong>Barth</strong></span> <span class='ocrx_word' id='word_1_53' title='bbox 944 996 1117 1069; x_wconf 88' lang='lat' dir='ltr'><strong>adhibuisse,</strong></span> <span class='ocrx_word' id='word_1_54' title='bbox 1138 1000 1188 1072; x_wconf 91' lang='lat' dir='ltr'><strong>qui</strong></span> <span class='ocrx_word' id='word_1_55' title='bbox 1209 1000 1239 1059; x_wconf 91' lang='lat' dir='ltr'><strong>iu</strong></span> <span class='ocrx_word' id='word_1_56' title='bbox 1260 1016 1337 1059; x_wconf 91' lang='lat' dir='ltr'><strong>com·</strong></span> 
     </span>
     <span class='ocr_line' id='line_1_9' title="bbox 200 1091 1337 1168; baseline 0.003 -13"><span class='ocrx_word' id='word_1_57' title='bbox 200 1095 344 1155; x_wconf 83' lang='lat' dir='ltr'><strong>monterio</strong></span> <span class='ocrx_word' id='word_1_58' title='bbox 379 1093 534 1154; x_wconf 86' lang='lat' dir='ltr'><strong>Thebaidis</strong></span> <span class='ocrx_word' id='word_1_59' title='bbox 567 1094 716 1154; x_wconf 86' lang='lat' dir='ltr'><strong>Statianae</strong></span> <span class='ocrx_word' id='word_1_60' title='bbox 730 1094 755 1166; x_wconf 91' lang='lat'><strong>¹)</strong></span> <span class='ocrx_word' id='word_1_61' title='bbox 791 1095 829 1155; x_wconf 89' lang='lat' dir='ltr'><strong>ad</strong></span> <span class='ocrx_word' id='word_1_62' title='bbox 862 1096 911 1155; x_wconf 94' lang='lat' dir='ltr'><strong>lib.</strong></span> <span class='ocrx_word' id='word_1_63' title='bbox 940 1097 968 1154; x_wconf 89' lang='lat'><strong>11</strong></span> <span class='ocrx_word' id='word_1_64' title='bbox 999 1114 1025 1155; x_wconf 93' lang='lat' dir='ltr'><strong>v.</strong></span> <span class='ocrx_word' id='word_1_65' title='bbox 1057 1099 1118 1155; x_wconf 80' lang='lat'><strong>247</strong></span> <span class='ocrx_word' id='word_1_66' title='bbox 1128 1091 1156 1168; x_wconf 82' lang='lat'><strong>²)</strong></span> <span class='ocrx_word' id='word_1_67' title='bbox 1191 1097 1337 1158; x_wconf 82' lang='lat' dir='ltr'><strong>adnotavit</strong></span> 
     </span>
     <span class='ocr_line' id='line_1_10' title="bbox 198 1193 1335 1270; baseline 0 -14"><span class='ocrx_word' id='word_1_68' title='bbox 198 1197 285 1256; x_wconf 91' lang='lat' dir='ltr'><strong>haec:</strong></span> <span class='ocrx_word' id='word_1_69' title='bbox 330 1195 413 1268; x_wconf 86' lang='lat' dir='ltr'><strong>,Vide</strong></span> <span class='ocrx_word' id='word_1_70' title='bbox 436 1193 576 1253; x_wconf 89' lang='lat' dir='ltr'><strong>Tibullum</strong></span> <span class='ocrx_word' id='word_1_71' title='bbox 597 1195 680 1254; x_wconf 90' lang='lat' dir='ltr'><strong>initio</strong></span> <span class='ocrx_word' id='word_1_72' title='bbox 702 1193 881 1270; x_wconf 80' lang='lat' dir='ltr'><strong>Panegyrici,</strong></span> <span class='ocrx_word' id='word_1_73' title='bbox 915 1212 998 1268; x_wconf 88' lang='lat' dir='ltr'><strong>quem</strong></span> <span class='ocrx_word' id='word_1_74' title='bbox 1019 1203 1133 1269; x_wconf 87' lang='lat' dir='ltr'><strong>vocant,</strong></span> <span class='ocrx_word' id='word_1_75' title='bbox 1156 1215 1220 1257; x_wconf 91' lang='lat' dir='ltr'><strong>cnm</strong></span> <span class='ocrx_word' id='word_1_76' title='bbox 1241 1201 1335 1256; x_wconf 69' lang='lat' dir='ltr'><strong>amen</strong></span> 
     </span>
     <span class='ocr_line' id='line_1_11' title="bbox 200 1291 1335 1370; baseline 0.003 -16"><span class='ocrx_word' id='word_1_77' title='bbox 200 1296 392 1355; x_wconf 88' lang='lat' dir='ltr'><strong>humilitatem</strong></span> <span class='ocrx_word' id='word_1_78' title='bbox 406 1291 522 1354; x_wconf 84' lang='lat' dir='ltr'><strong>affectet</strong></span> <span class='ocrx_word' id='word_1_79' title='bbox 534 1294 564 1354; x_wconf 92' lang='lat' dir='ltr'><strong>id</strong></span> <span class='ocrx_word' id='word_1_80' title='bbox 580 1310 707 1368; x_wconf 79' lang='lat' dir='ltr'><strong>emman,</strong></span> <span class='ocrx_word' id='word_1_81' title='bbox 731 1301 760 1356; x_wconf 85' lang='lat' dir='ltr'><strong>et</strong></span> <span class='ocrx_word' id='word_1_82' title='bbox 780 1295 819 1354; x_wconf 88' lang='lat' dir='ltr'><strong>sit</strong></span> <span class='ocrx_word' id='word_1_83' title='bbox 839 1296 944 1370; x_wconf 92' lang='lat' dir='ltr'><strong>oppido</strong></span> <span class='ocrx_word' id='word_1_84' title='bbox 966 1311 1051 1370; x_wconf 85' lang='lat' dir='ltr'><strong>quam</strong></span> <span class='ocrx_word' id='word_1_85' title='bbox 1073 1297 1164 1356; x_wconf 89' lang='lat' dir='ltr'><strong>simile</strong></span> <span class='ocrx_word' id='word_1_86' title='bbox 1178 1299 1335 1358; x_wconf 88' lang='lat' dir='ltr'><strong>Maniliano</strong></span> 
     </span>
     <span class='ocr_line' id='line_1_12' title="bbox 201 1393 1337 1470; baseline 0.001 -15"><span class='ocrx_word' id='word_1_87' title='bbox 201 1396 375 1468; x_wconf 89' lang='lat' dir='ltr'><strong>characteri,</strong></span> <span class='ocrx_word' id='word_1_88' title='bbox 415 1393 492 1453; x_wconf 91' lang='lat' dir='ltr'><strong>unde</strong></span> <span class='ocrx_word' id='word_1_89' title='bbox 521 1395 696 1470; x_wconf 84' lang='lat' dir='ltr'><strong>suspiciones</strong></span> <span class='ocrx_word' id='word_1_90' title='bbox 720 1399 836 1456; x_wconf 89' lang='lat' dir='ltr'><strong>nostras</strong></span> <span class='ocrx_word' id='word_1_91' title='bbox 864 1395 933 1454; x_wconf 89' lang='lat' dir='ltr'><strong>alibi</strong></span> <span class='ocrx_word' id='word_1_92' title='bbox 958 1397 1165 1470; x_wconf 85' lang='lat' dir='ltr'><strong>proponimus‘</strong></span> <span class='ocrx_word' id='word_1_93' title='bbox 1207 1397 1277 1457; x_wconf 90' lang='lat' dir='ltr'><strong>Inde</strong></span> <span class='ocrx_word' id='word_1_94' title='bbox 1300 1397 1337 1456; x_wconf 94' lang='lat' dir='ltr'><strong>ab</strong></span> 
     </span>
     <span class='ocr_line' id='line_1_13' title="bbox 199 1494 1337 1569; baseline 0 -14"><span class='ocrx_word' id='word_1_95' title='bbox 199 1512 235 1555; x_wconf 93' lang='lat' dir='ltr'><strong>eo</strong></span> <span class='ocrx_word' id='word_1_96' title='bbox 256 1501 387 1568; x_wconf 91' lang='lat' dir='ltr'><strong>tempore</strong></span> <span class='ocrx_word' id='word_1_97' title='bbox 407 1494 492 1552; x_wconf 89' lang='lat' dir='ltr'><strong>multi</strong></span> <span class='ocrx_word' id='word_1_98' title='bbox 512 1499 541 1553; x_wconf 89' lang='lat' dir='ltr'><strong>et</strong></span> <span class='ocrx_word' id='word_1_99' title='bbox 562 1495 639 1554; x_wconf 92' lang='lat' dir='ltr'><strong>docti</strong></span> <span class='ocrx_word' id='word_1_100' title='bbox 660 1497 715 1554; x_wconf 92' lang='lat' dir='ltr'><strong>viri</strong></span> <span class='ocrx_word' id='word_1_101' title='bbox 736 1495 766 1552; x_wconf 88' lang='lat' dir='ltr'><strong>in</strong></span> <span class='ocrx_word' id='word_1_102' title='bbox 782 1495 837 1554; x_wconf 92' lang='lat' dir='ltr'><strong>hoc</strong></span> <span class='ocrx_word' id='word_1_103' title='bbox 851 1495 1030 1554; x_wconf 89' lang='lat' dir='ltr'><strong>distrahendi</strong></span> <span class='ocrx_word' id='word_1_104' title='bbox 1044 1497 1173 1569; x_wconf 89' lang='lat' dir='ltr'><strong>corporis</strong></span> <span class='ocrx_word' id='word_1_105' title='bbox 1186 1495 1337 1556; x_wconf 86' lang='lat' dir='ltr'><strong>Tibulliaui</strong></span> 
     </span>
     <span class='ocr_line' id='line_1_14' title="bbox 199 1575 1337 1672; baseline 0.002 -18"><span class='ocrx_word' id='word_1_106' title='bbox 199 1595 295 1654; x_wconf 92' lang='lat' dir='ltr'><strong>studio</strong></span> <span class='ocrx_word' id='word_1_107' title='bbox 323 1610 441 1670; x_wconf 88' lang='lat' dir='ltr'><strong>operam</strong></span> <span class='ocrx_word' id='word_1_108' title='bbox 469 1599 701 1667; x_wconf 88' lang='lat' dir='ltr'><strong>consumpserunt</strong></span> <span class='ocrx_word' id='word_1_109' title='bbox 730 1594 904 1668; x_wconf 89' lang='lat' dir='ltr'><strong>multumque</strong></span> <span class='ocrx_word' id='word_1_110' title='bbox 925 1611 973 1654; x_wconf 92' lang='lat' dir='ltr'><strong>res</strong></span> <span class='ocrx_word' id='word_1_111' title='bbox 1001 1597 1030 1653; x_wconf 93' lang='lat' dir='ltr'><strong>iu</strong></span> <span class='ocrx_word' id='word_1_112' title='bbox 1051 1575 1203 1669; x_wconf 86' lang='lat' dir='ltr'><strong>utramque</strong></span> <span class='ocrx_word' id='word_1_113' title='bbox 1224 1601 1337 1672; x_wconf 88' lang='lat' dir='ltr'><strong>partem</strong></span> 
     </span>
     <span class='ocr_line' id='line_1_15' title="bbox 200 1693 1163 1769; baseline 0.002 -15"><span class='ocrx_word' id='word_1_114' title='bbox 200 1702 245 1754; x_wconf 89' lang='lat' dir='ltr'><strong>est</strong></span> <span class='ocrx_word' id='word_1_115' title='bbox 265 1696 308 1754; x_wconf 92' lang='lat' dir='ltr'><strong>ita</strong></span> <span class='ocrx_word' id='word_1_116' title='bbox 328 1695 483 1767; x_wconf 82' lang='lat' dir='ltr'><strong>disputata,</strong></span> <span class='ocrx_word' id='word_1_117' title='bbox 504 1699 536 1752; x_wconf 93' lang='lat' dir='ltr'><strong>ut</strong></span> <span class='ocrx_word' id='word_1_118' title='bbox 560 1699 643 1753; x_wconf 87' lang='lat' dir='ltr'><strong>atrox</strong></span> <span class='ocrx_word' id='word_1_119' title='bbox 664 1693 807 1768; x_wconf 88' lang='lat' dir='ltr'><strong>utrimque</strong></span> <span class='ocrx_word' id='word_1_120' title='bbox 827 1711 925 1769; x_wconf 90' lang='lat' dir='ltr'><strong>pugno</strong></span> <span class='ocrx_word' id='word_1_121' title='bbox 946 1695 1163 1756; x_wconf 88' lang='lat' dir='ltr'><strong>accenderetur.</strong></span> 
     </span>
    </p>

    <p class='ocr_par' dir='ltr' id='par_1_4' title="bbox 198 1792 1341 2867">
     <span class='ocr_line' id='line_1_16' title="bbox 285 1792 1337 1871; baseline 0.004 -18"><span class='ocrx_word' id='word_1_122' title='bbox 285 1793 342 1854; x_wconf 89' lang='lat' dir='ltr'><strong>Sed</strong></span> <span class='ocrx_word' id='word_1_123' title='bbox 368 1799 401 1852; x_wconf 90' lang='lat' dir='ltr'><strong>ut</strong></span> <span class='ocrx_word' id='word_1_124' title='bbox 429 1793 467 1852; x_wconf 91' lang='lat' dir='ltr'><strong>ad</strong></span> <span class='ocrx_word' id='word_1_125' title='bbox 494 1792 598 1853; x_wconf 90' lang='lat' dir='ltr'><strong>librum</strong></span> <span class='ocrx_word' id='word_1_126' title='bbox 626 1794 745 1852; x_wconf 90' lang='lat' dir='ltr'><strong>tertium</strong></span> <span class='ocrx_word' id='word_1_127' title='bbox 775 1795 951 1862; x_wconf 90' lang='lat' dir='ltr'><strong>accedamus,</strong></span> <span class='ocrx_word' id='word_1_128' title='bbox 972 1795 1008 1854; x_wconf 90' lang='lat' dir='ltr'><strong>de</strong></span> <span class='ocrx_word' id='word_1_129' title='bbox 1037 1813 1094 1870; x_wconf 90' lang='lat' dir='ltr'><strong>quo</strong></span> <span class='ocrx_word' id='word_1_130' title='bbox 1121 1797 1183 1856; x_wconf 92' lang='lat' dir='ltr'><strong>solo</strong></span> <span class='ocrx_word' id='word_1_131' title='bbox 1211 1813 1337 1871; x_wconf 80' lang='lat' dir='ltr'><strong>agemus,</strong></span> 
     </span>
     <span class='ocr_line' id='line_1_17' title="bbox 201 1892 1339 1972; baseline 0 -17"><span class='ocrx_word' id='word_1_132' title='bbox 201 1895 311 1956; x_wconf 86' lang='lat' dir='ltr'><strong>euml.</strong></span> <span class='ocrx_word' id='word_1_133' title='bbox 334 1895 371 1954; x_wconf 89' lang='grc' dir='ltr'><strong>Η.</strong></span> <span class='ocrx_word' id='word_1_134' title='bbox 393 1895 466 1955; x_wconf 79' lang='lat' dir='ltr'><strong>Vuis</strong></span> <span class='ocrx_word' id='word_1_135' title='bbox 489 1892 693 1954; x_wconf 90' lang='lat' dir='ltr'><strong>celeberrimus</strong></span> <span class='ocrx_word' id='word_1_136' title='bbox 714 1901 801 1968; x_wconf 87' lang='lat' dir='ltr'><strong>poeta</strong></span> <span class='ocrx_word' id='word_1_137' title='bbox 822 1898 931 1968; x_wconf 89' lang='lat' dir='ltr'><strong>primus</strong></span> <span class='ocrx_word' id='word_1_138' title='bbox 952 1898 1128 1970; x_wconf 89' lang='lat' dir='ltr'><strong>gravissimis</strong></span> <span class='ocrx_word' id='word_1_139' title='bbox 1155 1912 1223 1955; x_wconf 90' lang='lat' dir='ltr'><strong>usus</strong></span> <span class='ocrx_word' id='word_1_140' title='bbox 1251 1914 1339 1972; x_wconf 90' lang='lat' dir='ltr'><strong>argu·</strong></span> 
     </span>
     <span class='ocr_line' id='line_1_18' title="bbox 200 1993 1341 2072; baseline -0.002 -18"><span class='ocrx_word' id='word_1_141' title='bbox 200 1996 304 2056; x_wconf 89' lang='lat' dir='ltr'><strong>mentis</strong></span> <span class='ocrx_word' id='word_1_142' title='bbox 332 1994 485 2070; x_wconf 90' lang='lat' dir='ltr'><strong>adgressus</strong></span> <span class='ocrx_word' id='word_1_143' title='bbox 513 1998 566 2052; x_wconf 94' lang='lat' dir='ltr'><strong>est.</strong></span> <span class='ocrx_word' id='word_1_144' title='bbox 621 1993 696 2052; x_wconf 88' lang='lat' dir='ltr'><strong>Nam</strong></span> <span class='ocrx_word' id='word_1_145' title='bbox 724 1995 755 2052; x_wconf 94' lang='lat' dir='ltr'><strong>in</strong></span> <span class='ocrx_word' id='word_1_146' title='bbox 784 1993 948 2054; x_wconf 84' lang='lat' dir='ltr'><strong>calendario</strong></span> <span class='ocrx_word' id='word_1_147' title='bbox 980 1996 1129 2055; x_wconf 89' lang='lat' dir='ltr'><strong>Musarum</strong></span> <span class='ocrx_word' id='word_1_148' title='bbox 1158 1994 1341 2072; x_wconf 84' lang='lat' dir='ltr'><strong>Gottingensi</strong></span> 
     </span>
     <span class='ocr_line' id='line_1_19' title="bbox 200 2090 1337 2167; baseline -0.004 -13"><span class='ocrx_word' id='word_1_149' title='bbox 200 2111 277 2155; x_wconf 88' lang='lat' dir='ltr'><strong>anno</strong></span> <span class='ocrx_word' id='word_1_150' title='bbox 310 2097 388 2154; x_wconf 85' lang='lat'>1786</span> <span class='ocrx_word' id='word_1_151' title='bbox 417 2094 493 2155; x_wconf 91' lang='lat' dir='ltr'><strong>edito</strong></span> <span class='ocrx_word' id='word_1_152' title='bbox 527 2099 558 2152; x_wconf 90' lang='lat' dir='ltr'><strong>et</strong></span> <span class='ocrx_word' id='word_1_153' title='bbox 582 2095 744 2154; x_wconf 86' lang='lat' dir='ltr'><strong>accuratius</strong></span> <span class='ocrx_word' id='word_1_154' title='bbox 771 2099 872 2167; x_wconf 85' lang='lat' dir='ltr'><strong>postea</strong></span> <span class='ocrx_word' id='word_1_155' title='bbox 903 2094 933 2151; x_wconf 90' lang='lat' dir='ltr'><strong>iu</strong></span> <span class='ocrx_word' id='word_1_156' title='bbox 962 2096 1094 2153; x_wconf 86' lang='lat' dir='ltr'><strong>versione</strong></span> <span class='ocrx_word' id='word_1_157' title='bbox 1130 2093 1236 2154; x_wconf 89' lang='lat' dir='ltr'><strong>Tibulli</strong></span> <span class='ocrx_word' id='word_1_158' title='bbox 1263 2090 1337 2165; x_wconf 75' lang='lat' dir='ltr'><strong>(Tu-</strong></span> 
     </span>
     <span class='ocr_line' id='line_1_20' title="bbox 198 2191 1338 2270; baseline -0.004 -16"><span class='ocrx_word' id='word_1_159' title='bbox 198 2194 304 2270; x_wconf 87' lang='lat' dir='ltr'><strong>biugae</strong></span> <span class='ocrx_word' id='word_1_160' title='bbox 329 2191 420 2269; x_wconf 87' lang='lat'>1810)</span> <span class='ocrx_word' id='word_1_161' title='bbox 442 2195 641 2255; x_wconf 89' lang='lat' dir='ltr'><strong>demonstrare</strong></span> <span class='ocrx_word' id='word_1_162' title='bbox 663 2197 783 2253; x_wconf 88' lang='lat' dir='ltr'><strong>conatus</strong></span> <span class='ocrx_word' id='word_1_163' title='bbox 804 2198 848 2252; x_wconf 92' lang='lat' dir='ltr'><strong>est</strong></span> <span class='ocrx_word' id='word_1_164' title='bbox 868 2193 973 2252; x_wconf 92' lang='lat' dir='ltr'><strong>librum</strong></span> <span class='ocrx_word' id='word_1_165' title='bbox 994 2195 1113 2253; x_wconf 90' lang='lat' dir='ltr'><strong>tertium</strong></span> <span class='ocrx_word' id='word_1_166' title='bbox 1131 2193 1244 2254; x_wconf 88' lang='lat' dir='ltr'><strong>Tibullo</strong></span> <span class='ocrx_word' id='word_1_167' title='bbox 1257 2192 1338 2252; x_wconf 89' lang='lat' dir='ltr'><strong>abiu-</strong></span> 
     </span>
     <span class='ocr_line' id='line_1_21' title="bbox 199 2293 1340 2371; baseline -0.004 -16"><span class='ocrx_word' id='word_1_168' title='bbox 199 2296 354 2356; x_wconf 89' lang='lat' dir='ltr'><strong>dicandum</strong></span> <span class='ocrx_word' id='word_1_169' title='bbox 376 2295 480 2370; x_wconf 91' lang='lat' dir='ltr'><strong>aliique</strong></span> <span class='ocrx_word' id='word_1_170' title='bbox 507 2299 621 2369; x_wconf 90' lang='lat' dir='ltr'><strong>poetae,</strong></span> <span class='ocrx_word' id='word_1_171' title='bbox 645 2311 729 2368; x_wconf 89' lang='lat' dir='ltr'><strong>quem</strong></span> <span class='ocrx_word' id='word_1_172' title='bbox 749 2293 928 2368; x_wconf 80' lang='lat' dir='ltr'><strong>Lygdamum</strong></span> <span class='ocrx_word' id='word_1_173' title='bbox 950 2294 1094 2354; x_wconf 84' lang='lat' dir='ltr'><strong>Graecum</strong></span> <span class='ocrx_word' id='word_1_174' title='bbox 1116 2296 1254 2371; x_wconf 89' lang='lat' dir='ltr'><strong>nominat,</strong></span> <span class='ocrx_word' id='word_1_175' title='bbox 1276 2307 1340 2352; x_wconf 88' lang='lat' dir='ltr'><strong>esse</strong></span> 
     </span>
     <span class='ocr_line' id='line_1_22' title="bbox 199 2393 1339 2467; baseline -0.002 -13"><span class='ocrx_word' id='word_1_176' title='bbox 199 2394 393 2454; x_wconf 88' lang='lat' dir='ltr'><strong>tribuendum.</strong></span> <span class='ocrx_word' id='word_1_177' title='bbox 437 2394 530 2466; x_wconf 80' lang='lat' dir='ltr'><strong>Quam</strong></span> <span class='ocrx_word' id='word_1_178' title='bbox 551 2395 728 2454; x_wconf 89' lang='lat' dir='ltr'><strong>sententiam</strong></span> <span class='ocrx_word' id='word_1_179' title='bbox 747 2409 853 2467; x_wconf 90' lang='lat' dir='ltr'><strong>magua</strong></span> <span class='ocrx_word' id='word_1_180' title='bbox 867 2393 1031 2465; x_wconf 90' lang='lat' dir='ltr'><strong>disputandi</strong></span> <span class='ocrx_word' id='word_1_181' title='bbox 1053 2394 1211 2452; x_wconf 89' lang='lat' dir='ltr'><strong>subtilitate</strong></span> <span class='ocrx_word' id='word_1_182' title='bbox 1233 2408 1339 2467; x_wconf 93' lang='lat' dir='ltr'><strong>propo·</strong></span> 
     </span>
     <span class='ocr_line' id='line_1_23' title="bbox 198 2488 1341 2569; baseline -0.003 -16"><span class='ocrx_word' id='word_1_183' title='bbox 198 2495 284 2553; x_wconf 90' lang='lat' dir='ltr'><strong>sitam</strong></span> <span class='ocrx_word' id='word_1_184' title='bbox 304 2495 430 2569; x_wconf 83' lang='lat' dir='ltr'><strong>amplexi</strong></span> <span class='ocrx_word' id='word_1_185' title='bbox 451 2493 624 2554; x_wconf 89' lang='lat' dir='ltr'><strong>Eichstaedt</strong></span> <span class='ocrx_word' id='word_1_186' title='bbox 652 2494 736 2554; x_wconf 86' lang='lat' dir='ltr'><strong>Bach</strong></span> <span class='ocrx_word' id='word_1_187' title='bbox 763 2495 881 2553; x_wconf 88' lang='lat' dir='ltr'><strong>Passov</strong></span> <span class='ocrx_word' id='word_1_188' title='bbox 912 2491 1079 2553; x_wconf 83' lang='lat' dir='ltr'><strong>Lachmann</strong></span> <span class='ocrx_word' id='word_1_189' title='bbox 1111 2488 1243 2550; x_wconf 88' lang='lat' dir='ltr'><strong>Oebecke</strong></span> <span class='ocrx_word' id='word_1_190' title='bbox 1273 2492 1341 2550; x_wconf 91' lang='lat' dir='ltr'><strong>Pal·</strong></span> 
     </span>
     <span class='ocr_line' id='line_1_24' title="bbox 200 2589 1341 2669; baseline -0.007 -14"><span class='ocrx_word' id='word_1_191' title='bbox 200 2596 303 2655; x_wconf 87' lang='lat' dir='ltr'><strong>damns</strong></span> <span class='ocrx_word' id='word_1_192' title='bbox 341 2595 445 2655; x_wconf 89' lang='lat' dir='ltr'><strong>Dissen</strong></span> <span class='ocrx_word' id='word_1_193' title='bbox 477 2592 595 2669; x_wconf 83' lang='lat' dir='ltr'><strong>Gruppe</strong></span> <span class='ocrx_word' id='word_1_194' title='bbox 632 2594 732 2669; x_wconf 89' lang='lat' dir='ltr'><strong>Haupt</strong></span> <span class='ocrx_word' id='word_1_195' title='bbox 771 2593 867 2652; x_wconf 86' lang='lat' dir='ltr'><strong>Haase</strong></span> <span class='ocrx_word' id='word_1_196' title='bbox 908 2589 1018 2650; x_wconf 83' lang='lat' dir='ltr'><strong>Teuffel</strong></span> <span class='ocrx_word' id='word_1_197' title='bbox 1051 2590 1121 2650; x_wconf 86' lang='lat' dir='ltr'><strong>Luc.</strong></span> <span class='ocrx_word' id='word_1_198' title='bbox 1145 2589 1269 2648; x_wconf 89' lang='lat' dir='ltr'><strong>Mueller</strong></span> <span class='ocrx_word' id='word_1_199' title='bbox 1290 2590 1341 2648; x_wconf 90' lang='lat' dir='ltr'><strong>alii</strong></span> 
     </span>
     <span class='ocr_line' id='line_1_25' title="bbox 199 2689 1341 2769; baseline -0.006 -14"><span class='ocrx_word' id='word_1_200' title='bbox 199 2702 262 2756; x_wconf 90' lang='lat' dir='ltr'><strong>tum</strong></span> <span class='ocrx_word' id='word_1_201' title='bbox 290 2694 368 2755; x_wconf 92' lang='lat' dir='ltr'><strong>novis</strong></span> <span class='ocrx_word' id='word_1_202' title='bbox 395 2696 571 2769; x_wconf 89' lang='lat' dir='ltr'><strong>argumentis</strong></span> <span class='ocrx_word' id='word_1_203' title='bbox 598 2693 740 2754; x_wconf 88' lang='lat' dir='ltr'><strong>fulserunt</strong></span> <span class='ocrx_word' id='word_1_204' title='bbox 762 2700 823 2752; x_wconf 90' lang='lat' dir='ltr'><strong>tum</strong></span> <span class='ocrx_word' id='word_1_205' title='bbox 851 2691 899 2750; x_wconf 91' lang='lat' dir='ltr'><strong>bic</strong></span> <span class='ocrx_word' id='word_1_206' title='bbox 920 2691 979 2750; x_wconf 92' lang='lat' dir='ltr'><strong>illic</strong></span> <span class='ocrx_word' id='word_1_207' title='bbox 1005 2692 1236 2750; x_wconf 86' lang='lat' dir='ltr'><strong>immutaverunt.</strong></span> <span class='ocrx_word' id='word_1_208' title='bbox 1279 2689 1341 2748; x_wconf 88' lang='lat' dir='ltr'><strong>Nec</strong></span> 
     </span>
     <span class='ocr_line' id='line_1_26' title="bbox 198 2789 1340 2867; baseline -0.006 -13"><span class='ocrx_word' id='word_1_209' title='bbox 198 2801 298 2856; x_wconf 89' lang='lat' dir='ltr'><strong>tamen</strong></span> <span class='ocrx_word' id='word_1_210' title='bbox 318 2793 479 2866; x_wconf 87' lang='lat' dir='ltr'><strong>defuerunt,</strong></span> <span class='ocrx_word' id='word_1_211' title='bbox 503 2796 551 2867; x_wconf 89' lang='lat' dir='ltr'><strong>qui</strong></span> <span class='ocrx_word' id='word_1_212' title='bbox 565 2792 669 2854; x_wconf 85' lang='lat' dir='ltr'><strong>Vossio</strong></span> <span class='ocrx_word' id='word_1_213' title='bbox 691 2795 788 2866; x_wconf 91' lang='lat' dir='ltr'><strong>eisque</strong></span> <span class='ocrx_word' id='word_1_214' title='bbox 810 2793 943 2867; x_wconf 84' lang='lat' dir='ltr'><strong>quicum</strong></span> <span class='ocrx_word' id='word_1_215' title='bbox 965 2793 1056 2850; x_wconf 90' lang='lat' dir='ltr'><strong>secuti</strong></span> <span class='ocrx_word' id='word_1_216' title='bbox 1078 2795 1146 2851; x_wconf 90' lang='lat' dir='ltr'><strong>sunt</strong></span> <span class='ocrx_word' id='word_1_217' title='bbox 1167 2791 1235 2856; x_wconf 84' lang='lat' dir='ltr'><strong>viris</strong></span> <span class='ocrx_word' id='word_1_218' title='bbox 1248 2789 1340 2849; x_wconf 89' lang='lat' dir='ltr'><strong>doctis</strong></span> 
     </span>
    </p>
   </div>
   <div class='ocr_carea' id='block_1_4' title="bbox 196 2888 1438 2972">
    <p class='ocr_par' dir='ltr' id='par_1_5' title="bbox 196 2888 1438 2972">
     <span class='ocr_line' id='line_1_27' title="bbox 196 2888 1438 2972; baseline -0.007 -17"><span class='ocrx_word' id='word_1_219' title='bbox 196 2895 325 2955; x_wconf 91' lang='lat' dir='ltr'><strong>oblocuti</strong></span> <span class='ocrx_word' id='word_1_220' title='bbox 345 2901 442 2967; x_wconf 82' lang='lat' dir='ltr'><strong>partes</strong></span> <span class='ocrx_word' id='word_1_221' title='bbox 464 2892 571 2952; x_wconf 92' lang='lat' dir='ltr'><strong>Tibulli</strong></span> <span class='ocrx_word' id='word_1_222' title='bbox 593 2895 674 2965; x_wconf 88' lang='lat' dir='ltr'><strong>quasi</strong></span> <span class='ocrx_word' id='word_1_223' title='bbox 707 2894 824 2968; x_wconf 91' lang='lat' dir='ltr'><strong>spoliati</strong></span> <span class='ocrx_word' id='word_1_224' title='bbox 853 2895 1033 2966; x_wconf 85' lang='lat' dir='ltr'><strong>susciperent</strong></span> <span class='ocrx_word' id='word_1_225' title='bbox 1053 2891 1131 2951; x_wconf 94' lang='lat' dir='ltr'><strong>velut</strong></span> <span class='ocrx_word' id='word_1_226' title='bbox 1151 2888 1340 2952; x_wconf 90' lang='lat' dir='ltr'><strong>Wunderlich</strong></span> <span class='ocrx_word' id='word_1_227' title='bbox 1437 2967 1438 2972; x_wconf 8' lang='grc' dir='ltr'>ἵ</span> 
     </span>
    </p>
   </div>
   <div class='ocr_carea' id='block_1_5' title="bbox 198 2986 1340 3370">
    <p class='ocr_par' dir='ltr' id='par_1_6' title="bbox 198 2986 616 3069">
     <span class='ocr_line' id='line_1_28' title="bbox 198 2986 616 3069; baseline -0.012 -14"><span class='ocrx_word' id='word_1_228' title='bbox 198 2994 297 3069; x_wconf 88' lang='lat' dir='ltr'><strong>Spohn</strong></span> <span class='ocrx_word' id='word_1_229' title='bbox 318 2994 457 3052; x_wconf 85' lang='lat' dir='ltr'><strong>Huschke</strong></span> <span class='ocrx_word' id='word_1_230' title='bbox 479 2986 616 3066; x_wconf 79' lang='lat' dir='ltr'><strong>Golbsry.</strong></span> 
     </span>
    </p>

    <p class='ocr_par' dir='ltr' id='par_1_7' title="bbox 199 3089 1340 3370">
     <span class='ocr_line' id='line_1_29' title="bbox 283 3089 1340 3169; baseline -0.004 -17"><span class='ocrx_word' id='word_1_231' title='bbox 283 3093 345 3153; x_wconf 86' lang='lat' dir='ltr'><strong>Nec</strong></span> <span class='ocrx_word' id='word_1_232' title='bbox 373 3094 551 3169; x_wconf 85' lang='lat' dir='ltr'><strong>neglegenda</strong></span> <span class='ocrx_word' id='word_1_233' title='bbox 577 3098 644 3154; x_wconf 89' lang='lat' dir='ltr'><strong>sunt</strong></span> <span class='ocrx_word' id='word_1_234' title='bbox 666 3107 701 3150; x_wconf 87' lang='lat' dir='ltr'><strong>ea</strong></span> <span class='ocrx_word' id='word_1_235' title='bbox 722 3106 794 3165; x_wconf 92' lang='lat' dir='ltr'><strong>qnae</strong></span> <span class='ocrx_word' id='word_1_236' title='bbox 815 3091 846 3148; x_wconf 92' lang='lat' dir='ltr'><strong>hi</strong></span> <span class='ocrx_word' id='word_1_237' title='bbox 866 3090 921 3148; x_wconf 90' lang='lat' dir='ltr'><strong>viri</strong></span> <span class='ocrx_word' id='word_1_238' title='bbox 942 3090 1027 3159; x_wconf 91' lang='lat' dir='ltr'><strong>docti,</strong></span> <span class='ocrx_word' id='word_1_239' title='bbox 1053 3094 1085 3147; x_wconf 92' lang='lat' dir='ltr'><strong>ut</strong></span> <span class='ocrx_word' id='word_1_240' title='bbox 1104 3089 1254 3165; x_wconf 88' lang='lat' dir='ltr'><strong>opiniones</strong></span> <span class='ocrx_word' id='word_1_241' title='bbox 1275 3104 1340 3149; x_wconf 88' lang='lat' dir='ltr'><strong>suas</strong></span> 
     </span>
     <span class='ocr_line' id='line_1_30' title="bbox 202 3187 1340 3268; baseline -0.007 -13"><span class='ocrx_word' id='word_1_242' title='bbox 202 3195 363 3268; x_wconf 88' lang='lat' dir='ltr'><strong>firmarent,</strong></span> <span class='ocrx_word' id='word_1_243' title='bbox 382 3194 574 3266; x_wconf 90' lang='lat' dir='ltr'><strong>protulerunt,</strong></span> <span class='ocrx_word' id='word_1_244' title='bbox 597 3209 661 3251; x_wconf 89' lang='lat' dir='ltr'><strong>cum</strong></span> <span class='ocrx_word' id='word_1_245' title='bbox 681 3190 852 3266; x_wconf 89' lang='lat' dir='ltr'><strong>praesertim</strong></span> <span class='ocrx_word' id='word_1_246' title='bbox 873 3206 932 3249; x_wconf 93' lang='lat' dir='ltr'><strong>non</strong></span> <span class='ocrx_word' id='word_1_247' title='bbox 953 3204 1046 3260; x_wconf 88' lang='lat' dir='ltr'><strong>panca</strong></span> <span class='ocrx_word' id='word_1_248' title='bbox 1061 3187 1097 3246; x_wconf 91' lang='lat' dir='ltr'><strong>ab</strong></span> <span class='ocrx_word' id='word_1_249' title='bbox 1113 3189 1155 3247; x_wconf 90' lang='lat' dir='ltr'><strong>eis</strong></span> <span class='ocrx_word' id='word_1_250' title='bbox 1171 3205 1233 3249; x_wconf 87' lang='lat' dir='ltr'><strong>esse</strong></span> <span class='ocrx_word' id='word_1_251' title='bbox 1247 3191 1340 3249; x_wconf 90' lang='lat' dir='ltr'><strong>verius</strong></span> 
     </span>
     <span class='ocr_line' id='line_1_31' title="bbox 199 3288 1340 3370; baseline -0.01 -14"><span class='ocrx_word' id='word_1_252' title='bbox 199 3295 334 3370; x_wconf 86' lang='lat' dir='ltr'><strong>expedita</strong></span> <span class='ocrx_word' id='word_1_253' title='bbox 362 3299 391 3355; x_wconf 90' lang='lat' dir='ltr'><strong>et</strong></span> <span class='ocrx_word' id='word_1_254' title='bbox 417 3294 448 3352; x_wconf 90' lang='lat' dir='ltr'><strong>in</strong></span> <span class='ocrx_word' id='word_1_255' title='bbox 476 3294 550 3352; x_wconf 85' lang='lat' dir='ltr'><strong>viam</strong></span> <span class='ocrx_word' id='word_1_256' title='bbox 578 3296 688 3352; x_wconf 90' lang='lat' dir='ltr'><strong>rectam</strong></span> <span class='ocrx_word' id='word_1_257' title='bbox 715 3291 836 3350; x_wconf 89' lang='lat' dir='ltr'><strong>reducta</strong></span> <span class='ocrx_word' id='word_1_258' title='bbox 871 3290 973 3364; x_wconf 89' lang='lat' dir='ltr'><strong>negari</strong></span> <span class='ocrx_word' id='word_1_259' title='bbox 1002 3293 1134 3359; x_wconf 89' lang='lat' dir='ltr'><strong>nequeat.</strong></span> <span class='ocrx_word' id='word_1_260' title='bbox 1184 3288 1247 3347; x_wconf 92' lang='lat' dir='ltr'><strong>Iam</strong></span> <span class='ocrx_word' id='word_1_261' title='bbox 1273 3293 1340 3362; x_wconf 89' lang='lat' dir='ltr'><strong>post</strong></span> 
     </span>
    </p>
   </div>
   <div class='ocr_carea' id='block_1_6' title="bbox 201 3379 1437 3466">
    <p class='ocr_par' dir='ltr' id='par_1_8' title="bbox 201 3379 1437 3466">
     <span class='ocr_line' id='line_1_32' title="bbox 201 3379 1437 3466; baseline -0.009 -9"><span class='ocrx_word' id='word_1_262' title='bbox 201 3393 380 3457; x_wconf 80' lang='lat' dir='ltr'><strong>Golberium.</strong></span> <span class='ocrx_word' id='word_1_263' title='bbox 410 3394 458 3466; x_wconf 92' lang='lat' dir='ltr'><strong>qui</strong></span> <span class='ocrx_word' id='word_1_264' title='bbox 489 3392 557 3466; x_wconf 92' lang='lat' dir='ltr'><strong>quid</strong></span> <span class='ocrx_word' id='word_1_265' title='bbox 587 3392 623 3452; x_wconf 91' lang='lat' dir='ltr'><strong>de</strong></span> <span class='ocrx_word' id='word_1_266' title='bbox 652 3390 720 3452; x_wconf 91' lang='lat' dir='ltr'><strong>libri</strong></span> <span class='ocrx_word' id='word_1_267' title='bbox 748 3391 829 3450; x_wconf 85' lang='lat' dir='ltr'><strong>tertii</strong></span> <span class='ocrx_word' id='word_1_268' title='bbox 856 3390 981 3464; x_wconf 87' lang='lat' dir='ltr'><strong>sylloges</strong></span> <span class='ocrx_word' id='word_1_269' title='bbox 1010 3387 1193 3447; x_wconf 90' lang='lat' dir='ltr'><strong>Tibullianae</strong></span> <span class='ocrx_word' id='word_1_270' title='bbox 1221 3392 1339 3447; x_wconf 89' lang='lat' dir='ltr'><strong>auctore</strong></span> <span class='ocrx_word' id='word_1_271' title='bbox 1436 3379 1437 3402; x_wconf 67' lang='lat'>¹</span> 
     </span>
    </p>
   </div>
   <div class='ocr_carea' id='block_1_7' title="bbox 200 3486 1340 3664">
    <p class='ocr_par' dir='ltr' id='par_1_9' title="bbox 200 3486 1340 3664">
     <span class='ocr_line' id='line_1_33' title="bbox 200 3486 1340 3564; baseline -0.011 -8"><span class='ocrx_word' id='word_1_272' title='bbox 200 3496 331 3564; x_wconf 87' lang='lat' dir='ltr'><strong>sentiret,</strong></span> <span class='ocrx_word' id='word_1_273' title='bbox 353 3491 639 3552; x_wconf 91' lang='lat' dir='ltr'><strong>commentationibus</strong></span> <span class='ocrx_word' id='word_1_274' title='bbox 663 3491 710 3562; x_wconf 90' lang='lat' dir='ltr'><strong>,de</strong></span> <span class='ocrx_word' id='word_1_275' title='bbox 732 3491 838 3550; x_wconf 90' lang='lat' dir='ltr'><strong>Tibulli</strong></span> <span class='ocrx_word' id='word_1_276' title='bbox 861 3493 921 3549; x_wconf 90' lang='lat' dir='ltr'><strong>vita</strong></span> <span class='ocrx_word' id='word_1_277' title='bbox 949 3493 978 3548; x_wconf 89' lang='lat' dir='ltr'><strong>et</strong></span> <span class='ocrx_word' id='word_1_278' title='bbox 1006 3486 1192 3548; x_wconf 87' lang='lat' dir='ltr'><strong>carminibhs‘</strong></span> <span class='ocrx_word' id='word_1_279' title='bbox 1223 3486 1340 3548; x_wconf 92' lang='lat' dir='ltr'><strong>editioni</strong></span> 
     </span>
     <span class='ocr_line' id='line_1_34' title="bbox 200 3587 1339 3664; baseline -0.013 -5"><span class='ocrx_word' id='word_1_280' title='bbox 200 3597 320 3658; x_wconf 91' lang='lat' dir='ltr'><strong>Parisiis</strong></span> <span class='ocrx_word' id='word_1_281' title='bbox 343 3595 422 3653; x_wconf 84' lang='lat'>1826</span> <span class='ocrx_word' id='word_1_282' title='bbox 445 3593 606 3653; x_wconf 87' lang='lat' dir='ltr'><strong>adornatae</strong></span> <span class='ocrx_word' id='word_1_283' title='bbox 626 3591 783 3653; x_wconf 86' lang='lat' dir='ltr'><strong>subiunctis</strong></span> <span class='ocrx_word' id='word_1_284' title='bbox 805 3608 833 3664; x_wconf 89' lang='lat' dir='ltr'><strong>p.</strong></span> <span class='ocrx_word' id='word_1_285' title='bbox 847 3589 1012 3648; x_wconf 86' lang='grc'>419-494</span> <span class='ocrx_word' id='word_1_286' title='bbox 1036 3592 1066 3646; x_wconf 90' lang='lat' dir='ltr'><strong>et</strong></span> <span class='ocrx_word' id='word_1_287' title='bbox 1087 3588 1173 3660; x_wconf 85' lang='lat' dir='ltr'><strong>paulo</strong></span> <span class='ocrx_word' id='word_1_288' title='bbox 1194 3592 1261 3661; x_wconf 94' lang='lat' dir='ltr'><strong>post</strong></span> <span class='ocrx_word' id='word_1_289' title='bbox 1280 3587 1339 3645; x_wconf 91' lang='lat' dir='ltr'><strong>ira·</strong></span> 
     </span>
    </p>
   </div>
   <div class='ocr_carea' id='block_1_8' title="bbox 201 3686 1436 3769">
    <p class='ocr_par' dir='ltr' id='par_1_10' title="bbox 201 3686 1436 3769">
     <span class='ocr_line' id='line_1_35' title="bbox 201 3686 1436 3769; baseline -0.013 -11"><span class='ocrx_word' id='word_1_290' title='bbox 201 3697 323 3759; x_wconf 90' lang='lat' dir='ltr'><strong>cundius</strong></span> <span class='ocrx_word' id='word_1_291' title='bbox 349 3711 436 3769; x_wconf 91' lang='lat' dir='ltr'><strong>quam</strong></span> <span class='ocrx_word' id='word_1_292' title='bbox 465 3693 576 3752; x_wconf 88' lang='lat' dir='ltr'><strong>felicius</strong></span> <span class='ocrx_word' id='word_1_293' title='bbox 600 3691 852 3751; x_wconf 89' lang='lat' dir='ltr'><strong>dissertatiuncula</strong></span> <span class='ocrx_word' id='word_1_294' title='bbox 879 3687 1004 3761; x_wconf 75' lang='lat' dir='ltr'><strong>,defense</strong></span> <span class='ocrx_word' id='word_1_295' title='bbox 1032 3688 1068 3747; x_wconf 90' lang='lat' dir='ltr'><strong>de</strong></span> <span class='ocrx_word' id='word_1_296' title='bbox 1101 3686 1214 3747; x_wconf 91' lang='lat' dir='ltr'><strong>Tibulle</strong></span> <span class='ocrx_word' id='word_1_297' title='bbox 1240 3692 1340 3746; x_wconf 90' lang='lat' dir='ltr'><strong>contre</strong></span> <span class='ocrx_word' id='word_1_298' title='bbox 1435 3717 1436 3732; x_wconf 61' lang='lat'>2</span> 
     </span>
    </p>
   </div>
   <div class='ocr_carea' id='block_1_9' title="bbox 200 3784 1338 3872">
    <p class='ocr_par' dir='ltr' id='par_1_11' title="bbox 200 3784 1338 3872">
     <span class='ocr_line' id='line_1_36' title="bbox 200 3784 1338 3872; baseline -0.013 -16"><span class='ocrx_word' id='word_1_299' title='bbox 200 3797 338 3872; x_wconf 90' lang='lat' dir='ltr'><strong>quelques</strong></span> <span class='ocrx_word' id='word_1_300' title='bbox 359 3810 470 3861; x_wconf 89' lang='lat' dir='ltr'><strong>savans,</strong></span> <span class='ocrx_word' id='word_1_301' title='bbox 492 3795 541 3865; x_wconf 92' lang='lat' dir='ltr'><strong>qui</strong></span> <span class='ocrx_word' id='word_1_302' title='bbox 564 3793 680 3851; x_wconf 89' lang='lat' dir='ltr'><strong>veulent</strong></span> <span class='ocrx_word' id='word_1_303' title='bbox 701 3791 729 3850; x_wconf 93' lang='lat' dir='ltr'><strong>le</strong></span> <span class='ocrx_word' id='word_1_304' title='bbox 749 3791 861 3850; x_wconf 87' lang='lat' dir='ltr'><strong>vieiller</strong></span> <span class='ocrx_word' id='word_1_305' title='bbox 883 3790 919 3848; x_wconf 88' lang='lat' dir='ltr'><strong>de</strong></span> <span class='ocrx_word' id='word_1_306' title='bbox 942 3791 979 3847; x_wconf 88' lang='lat'><strong>15</strong></span> <span class='ocrx_word' id='word_1_307' title='bbox 1002 3787 1064 3848; x_wconf 90' lang='lat' dir='ltr'><strong>aus‘</strong></span> <span class='ocrx_word' id='word_1_308' title='bbox 1095 3785 1236 3858; x_wconf 90' lang='lat' dir='ltr'><strong>inscripta</strong></span> <span class='ocrx_word' id='word_1_309' title='bbox 1256 3784 1338 3843; x_wconf 90' lang='lat' dir='ltr'><strong>Pari·</strong></span> 
     </span>
    </p>
   </div>
   <div class='ocr_carea' id='block_1_10' title="bbox 289 4032 1435 4110">
    <p class='ocr_par' dir='ltr' id='par_1_12' title="bbox 289 4032 1435 4110">
     <span class='ocr_line' id='line_1_37' title="bbox 289 4032 1435 4110; baseline -0.013 -15"><span class='ocrx_word' id='word_1_310' title='bbox 289 4040 639 4110; x_wconf 63' lang='grc' dir='ltr'><strong>1)Ρ1111111Ρ11111111181ι111</strong></span> <span class='ocrx_word' id='word_1_311' title='bbox 662 4053 731 4106; x_wconf 85' lang='lat' dir='ltr'><strong>quae</strong></span> <span class='ocrx_word' id='word_1_312' title='bbox 752 4042 864 4089; x_wconf 82' lang='lat' dir='ltr'><strong>exstant</strong></span> <span class='ocrx_word' id='word_1_313' title='bbox 901 4034 1002 4102; x_wconf 74' lang='lat' dir='ltr'><strong>caspar</strong></span> <span class='ocrx_word' id='word_1_314' title='bbox 1020 4033 1145 4084; x_wconf 87' lang='lat' dir='ltr'><strong>Barthius</strong></span> <span class='ocrx_word' id='word_1_315' title='bbox 1163 4032 1296 4084; x_wconf 85' lang='lat' dir='ltr'><strong>recensuit</strong></span> <span class='ocrx_word' id='word_1_316' title='bbox 1315 4035 1341 4081; x_wconf 87' lang='lat' dir='ltr'><strong>et</strong></span> <span class='ocrx_word' id='word_1_317' title='bbox 1434 4075 1435 4088; x_wconf 70' lang='lat'><strong>,</strong></span> 
     </span>
    </p>
   </div>
   <div class='ocr_carea' id='block_1_11' title="bbox 202 4121 1339 4374">
    <p class='ocr_par' dir='ltr' id='par_1_13' title="bbox 202 4121 1339 4374">
     <span class='ocr_line' id='line_1_38' title="bbox 203 4121 1140 4194; baseline -0.016 -11"><span class='ocrx_word' id='word_1_318' title='bbox 203 4129 479 4184; x_wconf 83' lang='lat' dir='ltr'><strong>animadversionibus</strong></span> <span class='ocrx_word' id='word_1_319' title='bbox 497 4125 711 4194; x_wconf 82' lang='lat' dir='ltr'><strong>locupletissimis</strong></span> <span class='ocrx_word' id='word_1_320' title='bbox 729 4125 883 4176; x_wconf 81' lang='lat' dir='ltr'><strong>illustravit.</strong></span> <span class='ocrx_word' id='word_1_321' title='bbox 920 4124 1044 4190; x_wconf 80' lang='lat' dir='ltr'><strong>Cygnese</strong></span> <span class='ocrx_word' id='word_1_322' title='bbox 1065 4121 1140 4169; x_wconf 79' lang='grc'>1664.</span> 
     </span>
     <span class='ocr_line' id='line_1_39' title="bbox 289 4204 1339 4284; baseline -0.012 -15"><span class='ocrx_word' id='word_1_323' title='bbox 289 4214 309 4278; x_wconf 71' lang='lat'><strong>2)</strong></span> <span class='ocrx_word' id='word_1_324' title='bbox 327 4216 424 4284; x_wconf 82' lang='lat' dir='ltr'><strong>Hayne</strong></span> <span class='ocrx_word' id='word_1_325' title='bbox 451 4222 478 4268; x_wconf 87' lang='lat' dir='ltr'><strong>et</strong></span> <span class='ocrx_word' id='word_1_326' title='bbox 501 4217 547 4281; x_wconf 92' lang='lat' dir='ltr'><strong>qui</strong></span> <span class='ocrx_word' id='word_1_327' title='bbox 572 4231 632 4265; x_wconf 90' lang='lat' dir='ltr'><strong>eum</strong></span> <span class='ocrx_word' id='word_1_328' title='bbox 660 4219 767 4265; x_wconf 88' lang='lat' dir='ltr'><strong>secutus</strong></span> <span class='ocrx_word' id='word_1_329' title='bbox 788 4215 829 4264; x_wconf 91' lang='lat' dir='ltr'><strong>est</strong></span> <span class='ocrx_word' id='word_1_330' title='bbox 853 4208 919 4261; x_wconf 80' lang='lat' dir='ltr'><strong>Fusa</strong></span> <span class='ocrx_word' id='word_1_331' title='bbox 938 4210 979 4274; x_wconf 90' lang='lat' dir='ltr'><strong>,de</strong></span> <span class='ocrx_word' id='word_1_332' title='bbox 997 4207 1143 4275; x_wconf 85' lang='lat' dir='ltr'><strong>elegiarum</strong></span> <span class='ocrx_word' id='word_1_333' title='bbox 1169 4204 1240 4259; x_wconf 87' lang='lat' dir='ltr'><strong>libro</strong></span> <span class='ocrx_word' id='word_1_334' title='bbox 1263 4220 1339 4272; x_wconf 88' lang='lat' dir='ltr'><strong>quem</strong></span> 
     </span>
     <span class='ocr_line' id='line_1_40' title="bbox 202 4293 1166 4374; baseline -0.012 -16"><span class='ocrx_word' id='word_1_335' title='bbox 202 4304 337 4374; x_wconf 78' lang='lat' dir='ltr'><strong>Lygdsmi</strong></span> <span class='ocrx_word' id='word_1_336' title='bbox 354 4319 411 4356; x_wconf 83' lang='lat' dir='ltr'><strong>esse</strong></span> <span class='ocrx_word' id='word_1_337' title='bbox 430 4307 525 4370; x_wconf 81' lang='lat' dir='ltr'><strong>putent</strong></span> <span class='ocrx_word' id='word_1_338' title='bbox 542 4295 659 4367; x_wconf 84' lang='lat' dir='ltr'><strong>quidcm‘</strong></span> <span class='ocrx_word' id='word_1_339' title='bbox 677 4315 704 4364; x_wconf 91' lang='lat' dir='ltr'><strong>p.</strong></span> <span class='ocrx_word' id='word_1_340' title='bbox 720 4301 736 4350; x_wconf 84' lang='lat' dir='ltr'><strong>b</strong></span> <span class='ocrx_word' id='word_1_341' title='bbox 756 4301 840 4349; x_wconf 79' lang='lat' dir='ltr'><strong>citsnt</strong></span> <span class='ocrx_word' id='word_1_342' title='bbox 858 4295 924 4348; x_wconf 77' lang='lat' dir='ltr'><strong>falso</strong></span> <span class='ocrx_word' id='word_1_343' title='bbox 942 4295 988 4345; x_wconf 86' lang='lat' dir='ltr'><strong>lib.</strong></span> <span class='ocrx_word' id='word_1_344' title='bbox 1006 4293 1049 4352; x_wconf 81' lang='lat'><strong>11,</strong></span> <span class='ocrx_word' id='word_1_345' title='bbox 1062 4309 1089 4343; x_wconf 89' lang='lat' dir='ltr'><strong>v.</strong></span> <span class='ocrx_word' id='word_1_346' title='bbox 1107 4294 1166 4346; x_wconf 81' lang='grc'>841.</span> 
     </span>
    </p>
   </div>
   <div class='ocr_carea' id='block_1_12' title="bbox 0 0 1452 4838">
    <p class='ocr_par' dir='ltr' id='par_1_14' title="bbox 0 0 1452 4838">
     <span class='ocr_line' id='line_1_41' title="bbox 0 0 1452 4838; baseline 0 0"><span class='ocrx_word' id='word_1_347' title='bbox 0 0 1452 4838; x_wconf 95' lang='lat' dir='ltr'><strong> </strong></span> 
     </span>
    </p>
   </div>
  </div>
 </body>
</html>
