2894 4838
620 241 767 326 L

126 421 270 493 citudinos
297 437 448 510 'aegrotum
470 435 507 493 ad
528 435 644 508 amicos,
666 437 715 509 qui
736 451 823 509 aquas
850 433 988 494 Ennaeas
1008 437 1154 506 adiissent,
1176 440 1265 512 scrip·

124 536 196 594 sisse
219 541 341 609 ponant.
386 535 465 607 Quae
487 535 695 595 sententiarum
716 537 917 608 interpretatio
937 537 1068 596 minimos
1088 537 1176 598 babet
1195 554 1264 614 pro-

123 633 284 693 babilitatis
305 651 449 694 numeros.
488 633 564 694 Nam
585 635 609 694 si
631 651 746 694 carmen
767 634 895 707 quintum
915 637 1078 694 accuratius
1098 637 1264 714 perlegeris,

128 734 201 792 nihil
222 736 251 792 in
273 751 307 794 eo
329 735 467 809 invenies,
489 733 566 806 quod
581 733 619 792 ad
632 735 712 792 illum
726 733 859 793 Neaerae
874 735 1001 792 amorem
1016 737 1146 796 reuocari
1159 739 1264 811 possit;

127 851 219 908 neque
240 841 355 895 amatae
376 835 491 907 puellae
512 849 604 907 neque
626 834 764 892 amatoris
784 832 928 906 Lygdami
948 836 1063 894 nomina
1090 839 1121 894 in
1142 839 1266 910 epistola

124 935 271 1009 leguntur.
315 932 407 993 Estne
428 936 543 993 omnino
564 933 720 992 verisimile
740 939 857 1005 poetam
878 949 915 992 ex
935 932 1010 992 febri
1035 937 1163 1008 graviter
1183 937 1265 996 labo·

124 1041 242 1094 tantem
263 1040 293 1093 et
315 1051 350 1094 ex
372 1049 407 1092 ea
428 1039 551 1093 mortem
572 1039 744 1092 metuentem
766 1050 803 1092 ne
824 1034 955 1107 tetigisse
977 1035 1091 1108 quidem
1106 1053 1163 1095 uno
1176 1039 1265 1098 uerbo

124 1135 204 1192 hune
234 1150 360 1194 amorem
386 1135 521 1206 illamque
547 1134 681 1207 puellam,
710 1149 784 1206 quae
805 1150 890 1193 causa
911 1140 988 1194 esset
1008 1136 1101 1196 morbi
1121 1144 1151 1197 et
1171 1154 1265 1210 paene

126 1232 253 1293 mortis?
295 1231 440 1307 Sequitur,
457 1235 480 1292 si
495 1241 583 1306 poeta
603 1234 737 1293 carminis
752 1235 844 1307 quinti
859 1240 889 1293 et
902 1236 1077 1309 reliquarum
1097 1237 1165 1297 libri
1185 1242 1266 1299 tertii

129 1334 287 1410 elegiarum
318 1333 396 1394 idem
424 1342 476 1401 est,
504 1339 537 1392 ut
562 1335 682 1407 epistola
710 1339 761 1392 aut
787 1340 855 1393 ante
884 1350 1020 1402 amorem,
1044 1353 1098 1410 qno
1120 1341 1267 1413 amplexus

129 1443 193 1494 erat
214 1435 380 1508 Lygdamus
401 1435 555 1506 Neaeram,
578 1434 664 1494 modo
685 1441 718 1492 ut
737 1442 937 1507 argumentum
958 1439 1064 1496 amoris
1092 1439 1130 1496 sit
1157 1457 1265 1516 verum,

127 1541 179 1596 aut
199 1539 267 1609 post
287 1536 348 1594 eius
368 1531 455 1594 finem
469 1535 579 1607 scripta
600 1534 653 1606 sit3
677 1535 727 1593 sed
741 1535 854 1593 etiamsi
867 1537 982 1608 generis
997 1536 1110 1596 dicendi
1124 1540 1266 1598 rationem

128 1651 187 1695 non
209 1634 353 1708 habueris,
376 1636 448 1694 nibil
468 1634 597 1708 impedit,
619 1635 687 1707 quin
701 1640 838 1707 quattuor
853 1637 947 1709 prima
960 1636 1028 1696 libri
1042 1639 1123 1696 tertii
1138 1640 1266 1698 carmina

129 1742 158 1795 et
178 1741 289 1795 sentam
311 1737 432 1810 elegiam
454 1736 490 1795 ab
512 1737 568 1795 alio
590 1741 708 1795 anctore
729 1737 886 1809 composita
907 1753 970 1796 esse
990 1744 1157 1797 statuamus.
1201 1740 1266 1815 Ovi·

130 1835 209 1895 dium
231 1844 328 1896 autem
349 1837 477 1910 quintam
498 1835 618 1910 elegiam
642 1838 833 1908 composuisse
862 1837 1050 1908 probabiliter
1071 1837 1269 1897 demonstrare

130 1936 268 2012 conabor,
290 1937 327 1996 ad
348 1953 431 2010 quom
452 1944 482 1996 et
502 1952 594 1996 annus
615 1937 720 1996 natalis
740 1942 770 1995 et
791 1952 839 1996 res
852 1938 991 1996 metricae
1005 1944 1034 1996 et
1049 1954 1140 2012 genus
1155 1937 1268 1996 meandi

132 2041 162 2095 et
181 2037 322 2110 imprimis
343 2054 441 2097 versus
461 2038 504 2096 illi
519 2039 549 2095 in
563 2038 622 2095 eius
637 2037 811 2096 carminibus
825 2040 940 2110 repetiti
955 2053 1014 2097 non
1028 2039 1102 2097 male
1116 2037 1267 2111 quadrent.

214 2137 276 2197 Iam
298 2142 331 2195 ut
352 2139 465 2197 initium
487 2135 592 2197 faciam
608 2136 644 2196 ab
659 2154 735 2196 anno
750 2136 846 2197 Ovidii
861 2139 1006 2210 natalicio,
1023 2138 1153 2198 Ovidium
1173 2139 1266 2210 ipsum

128 2239 159 2294 in
181 2237 267 2295 Trist.
290 2236 340 2305 IV,
366 2240 412 2311 10,
434 2240 452 2295 6
474 2236 578 2296 iisdem
599 2235 703 2303 verbis,
725 2252 798 2310 quae
820 2238 957 2310 leguntur
978 2239 1008 2295 in
1028 2254 1052 2295 c.
1068 2239 1085 2293 5
1101 2237 1167 2295 libri
1188 2239 1268 2295 tertii

130 2338 254 2411 sylloges
268 2337 455 2410 Tl'bnllianae,
473 2354 578 2397 annum
593 2337 842 2425 quadragesimum
857 2337 973 2394 tertium
988 2334 1164 2410 significasse
1181 2353 1271 2411 supra

131 2435 172 2511 (p.
196 2431 228 2512 5)
252 2435 320 2494 dixi

213 2535 312 2594 Nihilo
340 2538 431 2610 magis
451 2553 584 2596 versuum
611 2539 740 2598 rationes
760 2545 923 2612 repugnant
942 2538 1043 2598 Ouidio
1064 2541 1184 2611 auctori,
1206 2556 1270 2599 cnm

131 2653 223 2711 neque
242 2637 410 2710 trisyllabus
429 2638 475 2696 vel
505 2637 704 2710 polysyllabae
731 2645 977 2712 pentametrorum
1006 2640 1149 2698 clausulae
1178 2655 1271 2713 neque

131 2753 251 2811 asperae
282 2752 418 2798 caesurae
450 2755 543 2811 neque
574 2755 675 2812 greum
705 2741 837 2799 elisiones
870 2739 1042 2812 elegantiam
1073 2739 1270 2797 Nasonianam

130 2838 249 2898 laedant
270 2844 300 2897 et
321 2840 432 2898 etiamsi
453 2854 511 2896 non
532 2854 624 2913 aeque
645 2835 738 2897 facilis
755 2833 1001 2910 etvividusatqu'e
1015 2839 1046 2896 in
1060 2840 1164 2896 ceteris
1179 2837 1271 2897 Ovidii

136 2936 311 2997 carminibus
332 2950 516 2998 numerorum
537 2938 687 3012 rhythmus
708 2925 860 3012 reperitur,
882 2939 954 2998 haec
967 2954 1016 2996 res
1030 2937 1139 3010 aliquid
1153 2954 1272 2997 excusa-

130 3037 217 3097 tionis
238 3037 333 3110 babet,
357 3038 433 3111 quod
453 3044 541 3111 poeta
562 3055 629 3110 non,
650 3043 683 3097 ut
703 3038 811 3112 publici
832 3039 903 3096 iuris
925 3036 1045 3112 faceret,
1062 3039 1112 3096 sed
1126 3045 1158 3096 ut
1172 3039 1271 3096 amicis

129 3138 322 3198 valetudinem
342 3139 496 3211 nuntiaret,
519 3139 671 3212 epistolam
693 3139 860 3212 composuit.

213 3237 328 3297 Deinde
349 3255 386 3298 ne
408 3256 427 3298 a
446 3231 581 3312 loquendi
602 3240 718 3313 quidem
739 3256 793 3298 usu
814 3239 932 3299 Ovidius
953 3239 1064 3298 ebenus
1086 3245 1137 3298 est.
1174 3237 1271 3296 Veluti

134 3354 207 3414 quae
229 3339 373 3398 inuenitur
393 3333 472 3399 in'u.
497 3342 514 3398 3
536 3342 680 3414 particula
701 3348 822 3400 actem:

267 3481 364 3548 Nunc
383 3497 514 3548 autera
534 3486 635 3548 aacrrb
657 3482 817 3549 Baiarum
833 3484 986 3568 promimur
1006 3483 1140 3570 lymphis

135 3655 200 3696 cum
220 3638 296 3711 apud
315 3636 458 3699 Tibullum
478 3655 620 3711 nusquam
645 3645 786 3708 occurrat,
809 3645 904 3697 exstat
925 3640 955 3696 in
977 3637 1027 3696 Ov.
1042 3638 1107 3696 Am.
1122 3639 1160 3709 11,
1175 3640 1204 3710 2,
1220 3639 1269 3697 28.

133 3738 252 3798 Heroid.
274 3739 328 3806 III,
344 3741 411 3797 145.
433 3740 504 3799 Met.
519 3739 571 3806 IX,
590 3740 657 3797 143.
672 3741 743 3798 495.
766 3741 805 3806 X,
821 3739 891 3796 345.
912 3737 992 3810 XIV,
1008 3741 1078 3810 4893
1093 3736 1270 3810 Propertius,

133 3855 226 3913 quem,
239 3844 271 3897 ut
284 3839 447 3912 principum
467 3840 577 3914 elegiae
591 3840 739 3900 Romanae
759 3856 840 3898 usum
860 3837 994 3911 loquendi
1016 3852 1228 3910 cognoscerem,
1243 3841 1272 3897 in

134 3937 266 3999 omnibus
286 3939 373 3999 rebus
394 3941 590 4014 grammaticis
612 3956 675 3999 cum
696 3938 811 3998 Tibullo
826 3944 855 3997 et
869 3937 968 3997 Ouidio
983 3942 1155 4012 comparavi,
1171 3945 1274 3997 actem

133 4039 278 4114 particula
298 4041 384 4100 semel
404 4056 474 4099 usus
495 4047 538 4099 est
558 4040 611 4112 ΙΙΙ,
635 4043 684 4113 30,
707 4041 757 4096 29.

218 4141 312 4201 Porro
332 4141 502 4202 vocabulum
523 4133 594 4196 olim
615 4141 644 4196 in
665 4156 692 4197 ι.
715 4139 755 4196 23
777 4140 814 4199 ad
834 4137 933 4198 futura
953 4139 1086 4212 relatum,
1109 4138 1184 4211 quod
1197 4138 1274 4212 apud

135 4241 277 4302 Tibullum
299 4241 349 4301 lib.
372 4243 401 4300 ΙΙ
420 4261 445 4301 c.
464 4245 481 4301 3
503 4258 529 4300 u.
553 4241 592 4298 29
614 4246 645 4299 et
665 4239 716 4298 lib.
739 4240 767 4298 11
789 4241 845 4298 c5
869 4257 896 4298 v.
912 4242 950 4298 79
972 4240 1131 4313 praeterita
1152 4243 1273 4311 spectat,
