<?xml version="1.0" encoding="UTF-8"?>
<!DOCTYPE html PUBLIC "-//W3C//DTD XHTML 1.0 Transitional//EN"
    "http://www.w3.org/TR/xhtml1/DTD/xhtml1-transitional.dtd">
<html xmlns="http://www.w3.org/1999/xhtml" xml:lang="en" lang="en">
 <head>
  <title>
</title>
<meta http-equiv="Content-Type" content="text/html;charset=utf-8" />
  <meta name='ocr-system' content='tesseract 3.04.00' />
  <meta name='ocr-capabilities' content='ocr_page ocr_carea ocr_par ocr_line ocrx_word'/>
</head>
<body>
  <div class='ocr_page' id='page_1' title='image "./delibritertiica00kleegoog_0032.png"; bbox 0 0 2894 4838; ppageno 0'>
   <div class='ocr_carea' id='block_1_1' title="bbox 595 260 744 350">
    <p class='ocr_par' dir='ltr' id='par_1_1' title="bbox 595 260 744 350">
     <span class='ocr_line' id='line_1_1' title="bbox 595 260 744 350; baseline -0.007 -33"><span class='ocrx_word' id='word_1_1' title='bbox 595 260 744 350; x_wconf 31' lang='lat' dir='ltr'>*m-</span> 
     </span>
    </p>
   </div>
   <div class='ocr_carea' id='block_1_2' title="bbox 93 456 1293 4124">
    <p class='ocr_par' dir='ltr' id='par_1_2' title="bbox 93 456 1244 738">
     <span class='ocr_line' id='line_1_2' title="bbox 93 456 1244 537; baseline -0.005 -13"><span class='ocrx_word' id='word_1_2' title='bbox 93 470 161 524; x_wconf 89' lang='lat' dir='ltr'>tuor</span> <span class='ocrx_word' id='word_1_3' title='bbox 174 457 353 537; x_wconf 84' lang='lat' dir='ltr'>pedtametri</span> <span class='ocrx_word' id='word_1_4' title='bbox 367 457 559 530; x_wconf 65' lang='lat' dir='ltr'><strong>anapaesticis</strong></span> <span class='ocrx_word' id='word_1_5' title='bbox 570 456 851 516; x_wconf 86' lang='lat' dir='ltr'>vocibusfiniuntur:</span> <span class='ocrx_word' id='word_1_6' title='bbox 867 459 891 529; x_wconf 96' lang='grc' dir='ltr'>Ι,</span> <span class='ocrx_word' id='word_1_7' title='bbox 911 463 939 531; x_wconf 96' lang='grc'>1,</span> <span class='ocrx_word' id='word_1_8' title='bbox 955 459 1011 520; x_wconf 84' lang='grc'>50.</span> <span class='ocrx_word' id='word_1_9' title='bbox 1022 463 1070 520; x_wconf 91' lang='grc'>72.</span> <span class='ocrx_word' id='word_1_10' title='bbox 1087 461 1114 533; x_wconf 92' lang='grc'>3,</span> <span class='ocrx_word' id='word_1_11' title='bbox 1132 463 1186 520; x_wconf 90' lang='grc'>30.</span> <span class='ocrx_word' id='word_1_12' title='bbox 1196 463 1244 520; x_wconf 91' lang='grc'>32.</span> 
     </span>
     <span class='ocr_line' id='line_1_3' title="bbox 94 541 1244 639; baseline -0.003 -18"><span class='ocrx_word' id='word_1_13' title='bbox 94 541 1244 639; x_wconf 48' lang='grc' dir='ltr'>0οΜ000000οΛΛο0000000.</span> 
     </span>
     <span class='ocr_line' id='line_1_4' title="bbox 96 653 1075 738; baseline -0.006 -15"><span class='ocrx_word' id='word_1_14' title='bbox 96 667 126 736; x_wconf 87' lang='lat'>3,</span> <span class='ocrx_word' id='word_1_15' title='bbox 150 665 199 721; x_wconf 87' lang='grc'>40.</span> <span class='ocrx_word' id='word_1_16' title='bbox 221 664 250 727; x_wconf 80' lang='grc'>4,’</span> <span class='ocrx_word' id='word_1_17' title='bbox 272 660 321 716; x_wconf 88' lang='grc'>48.</span> <span class='ocrx_word' id='word_1_18' title='bbox 343 658 373 730; x_wconf 86' lang='grc'>5,</span> <span class='ocrx_word' id='word_1_19' title='bbox 402 655 578 716; x_wconf 55' lang='grc'>1604068.</span> <span class='ocrx_word' id='word_1_20' title='bbox 602 657 629 728; x_wconf 87' lang='grc'>6,</span> <span class='ocrx_word' id='word_1_21' title='bbox 654 658 838 716; x_wconf 71' lang='grc'>2013234.</span> <span class='ocrx_word' id='word_1_22' title='bbox 878 653 929 730; x_wconf 92' lang='lat' dir='ltr'>IV,</span> <span class='ocrx_word' id='word_1_23' title='bbox 955 659 1002 732; x_wconf 83' lang='lat'>13,</span> <span class='ocrx_word' id='word_1_24' title='bbox 1026 661 1075 738; x_wconf 88' lang='grc'>22.</span> 
     </span>
    </p>

    <p class='ocr_par' dir='ltr' id='par_1_3' title="bbox 95 756 1293 2325">
     <span class='ocr_line' id='line_1_5' title="bbox 179 756 1245 833; baseline 0.001 -15"><span class='ocrx_word' id='word_1_25' title='bbox 179 759 265 833; x_wconf 85' lang='lat' dir='ltr'><strong>Apud</strong></span> <span class='ocrx_word' id='word_1_26' title='bbox 287 757 536 828; x_wconf 82' lang='lat' dir='ltr'>Propertium</span> <span class='ocrx_word' id='word_1_27' title='bbox 561 756 713 828; x_wconf 90' lang='lat' dir='ltr'>perspicue</span> <span class='ocrx_word' id='word_1_28' title='bbox 742 757 895 816; x_wconf 84' lang='lat' dir='ltr'>discrimen</span> <span class='ocrx_word' id='word_1_29' title='bbox 922 758 999 817; x_wconf 91' lang='lat' dir='ltr'>inter</span> <span class='ocrx_word' id='word_1_30' title='bbox 1020 761 1134 831; x_wconf 84' lang='lat' dir='ltr'>priores</span> <span class='ocrx_word' id='word_1_31' title='bbox 1156 758 1245 819; x_wconf 89' lang='lat' dir='ltr'>libros</span> 
     </span>
     <span class='ocr_line' id='line_1_6' title="bbox 97 851 1245 932; baseline 0 -13"><span class='ocrx_word' id='word_1_32' title='bbox 97 865 127 919; x_wconf 87' lang='lat' dir='ltr'>et</span> <span class='ocrx_word' id='word_1_33' title='bbox 147 858 253 918; x_wconf 89' lang='lat' dir='ltr'>librum</span> <span class='ocrx_word' id='word_1_34' title='bbox 276 859 413 929; x_wconf 88' lang='lat' dir='ltr'>quartum</span> <span class='ocrx_word' id='word_1_35' title='bbox 434 859 498 913; x_wconf 86' lang='lat' dir='ltr'>dum</span> <span class='ocrx_word' id='word_1_36' title='bbox 520 855 622 925; x_wconf 85' lang='lat' dir='ltr'>quinto</span> <span class='ocrx_word' id='word_1_37' title='bbox 643 851 781 914; x_wconf 86' lang='lat' dir='ltr'>cernitur.</span> <span class='ocrx_word' id='word_1_38' title='bbox 824 856 897 916; x_wconf 86' lang='lat' dir='ltr'>Nam</span> <span class='ocrx_word' id='word_1_39' title='bbox 919 859 949 915; x_wconf 93' lang='lat' dir='ltr'>in</span> <span class='ocrx_word' id='word_1_40' title='bbox 971 857 1048 917; x_wconf 88' lang='lat' dir='ltr'>libro</span> <span class='ocrx_word' id='word_1_41' title='bbox 1068 861 1163 932; x_wconf 87' lang='lat' dir='ltr'>primo</span> <span class='ocrx_word' id='word_1_42' title='bbox 1184 859 1245 919; x_wconf 88' lang='lat' dir='ltr'>fore</span> 
     </span>
     <span class='ocr_line' id='line_1_7' title="bbox 95 951 1246 1032; baseline -0.001 -15"><span class='ocrx_word' id='word_1_43' title='bbox 95 975 121 1017; x_wconf 87' lang='lat' dir='ltr'>a.</span> <span class='ocrx_word' id='word_1_44' title='bbox 143 963 212 1018; x_wconf 88' lang='lat' dir='ltr'>ante</span> <span class='ocrx_word' id='word_1_45' title='bbox 233 955 302 1016; x_wconf 79' lang='lat' dir='ltr'>Gbr.</span> <span class='ocrx_word' id='word_1_46' title='bbox 324 955 414 1012; x_wconf 82' lang='grc'>027</span> <span class='ocrx_word' id='word_1_47' title='bbox 436 952 544 1024; x_wconf 83' lang='lat' dir='ltr'>publici</span> <span class='ocrx_word' id='word_1_48' title='bbox 564 953 635 1012; x_wconf 87' lang='lat' dir='ltr'>iuris</span> <span class='ocrx_word' id='word_1_49' title='bbox 660 951 741 1012; x_wconf 83' lang='grc'>10010</span> <span class='ocrx_word' id='word_1_50' title='bbox 770 958 944 1026; x_wconf 81' lang='lat' dir='ltr'>pentametri</span> <span class='ocrx_word' id='word_1_51' title='bbox 972 962 1003 1016; x_wconf 89' lang='lat' dir='ltr'>et</span> <span class='ocrx_word' id='word_1_52' title='bbox 1031 959 1189 1032; x_wconf 79' lang='lat' dir='ltr'>trisyllabis</span> <span class='ocrx_word' id='word_1_53' title='bbox 1216 964 1246 1017; x_wconf 90' lang='grc'>01</span> 
     </span>
     <span class='ocr_line' id='line_1_8' title="bbox 95 1051 1244 1127; baseline 0.001 -11"><span class='ocrx_word' id='word_1_54' title='bbox 95 1053 296 1126; x_wconf 79' lang='lat' dir='ltr'>tetrasyllabis</span> <span class='ocrx_word' id='word_1_55' title='bbox 320 1059 350 1112; x_wconf 88' lang='grc'>01</span> <span class='ocrx_word' id='word_1_56' title='bbox 369 1051 576 1127; x_wconf 80' lang='lat' dir='ltr'>pentasyllabis</span> <span class='ocrx_word' id='word_1_57' title='bbox 597 1051 745 1111; x_wconf 84' lang='lat' dir='ltr'>vocabulis</span> <span class='ocrx_word' id='word_1_58' title='bbox 765 1055 958 1114; x_wconf 88' lang='lat' dir='ltr'>terminantur</span> <span class='ocrx_word' id='word_1_59' title='bbox 977 1072 1030 1117; x_wconf 89' lang='lat' dir='ltr'>nec</span> <span class='ocrx_word' id='word_1_60' title='bbox 1052 1057 1088 1117; x_wconf 88' lang='lat' dir='ltr'>ab</span> <span class='ocrx_word' id='word_1_61' title='bbox 1110 1057 1165 1116; x_wconf 88' lang='lat' dir='ltr'>hac</span> <span class='ocrx_word' id='word_1_62' title='bbox 1180 1074 1244 1116; x_wconf 89' lang='lat' dir='ltr'>ver·</span> 
     </span>
     <span class='ocr_line' id='line_1_9' title="bbox 97 1151 1247 1228; baseline 0 -14"><span class='ocrx_word' id='word_1_63' title='bbox 97 1172 181 1214; x_wconf 90' lang='lat' dir='ltr'>suum</span> <span class='ocrx_word' id='word_1_64' title='bbox 209 1153 425 1213; x_wconf 85' lang='lat' dir='ltr'>condendorum</span> <span class='ocrx_word' id='word_1_65' title='bbox 453 1151 567 1210; x_wconf 87' lang='lat' dir='ltr'>ratione</span> <span class='ocrx_word' id='word_1_66' title='bbox 595 1151 682 1209; x_wconf 89' lang='lat' dir='ltr'>alieni</span> <span class='ocrx_word' id='word_1_67' title='bbox 710 1157 777 1211; x_wconf 89' lang='lat' dir='ltr'>sunt</span> <span class='ocrx_word' id='word_1_68' title='bbox 805 1153 871 1212; x_wconf 89' lang='lat' dir='ltr'>libri</span> <span class='ocrx_word' id='word_1_69' title='bbox 901 1155 976 1214; x_wconf 87' lang='lat' dir='ltr'>alter</span> <span class='ocrx_word' id='word_1_70' title='bbox 1005 1162 1035 1216; x_wconf 89' lang='lat' dir='ltr'>et</span> <span class='ocrx_word' id='word_1_71' title='bbox 1063 1160 1175 1228; x_wconf 86' lang='lat' dir='ltr'>tertius,</span> <span class='ocrx_word' id='word_1_72' title='bbox 1198 1158 1247 1228; x_wconf 88' lang='lat' dir='ltr'>qui</span> 
     </span>
     <span class='ocr_line' id='line_1_10' title="bbox 97 1252 1246 1330; baseline 0.003 -16"><span class='ocrx_word' id='word_1_73' title='bbox 97 1257 175 1314; x_wconf 89' lang='lat' dir='ltr'>iuter</span> <span class='ocrx_word' id='word_1_74' title='bbox 196 1270 285 1312; x_wconf 89' lang='lat' dir='ltr'>annos</span> <span class='ocrx_word' id='word_1_75' title='bbox 307 1253 347 1311; x_wconf 92' lang='grc'>23</span> <span class='ocrx_word' id='word_1_76' title='bbox 371 1257 401 1310; x_wconf 91' lang='grc'>01</span> <span class='ocrx_word' id='word_1_77' title='bbox 421 1255 462 1310; x_wconf 91' lang='grc'>22</span> <span class='ocrx_word' id='word_1_78' title='bbox 484 1253 620 1312; x_wconf 85' lang='lat' dir='ltr'>uidentur</span> <span class='ocrx_word' id='word_1_79' title='bbox 641 1252 711 1310; x_wconf 91' lang='lat' dir='ltr'>editi</span> <span class='ocrx_word' id='word_1_80' title='bbox 733 1267 804 1312; x_wconf 87' lang='lat' dir='ltr'>esse.</span> <span class='ocrx_word' id='word_1_81' title='bbox 848 1254 958 1314; x_wconf 78' lang='lat' dir='ltr'>(luntre</span> <span class='ocrx_word' id='word_1_82' title='bbox 985 1258 1015 1314; x_wconf 91' lang='grc'>10</span> <span class='ocrx_word' id='word_1_83' title='bbox 1037 1257 1120 1316; x_wconf 89' lang='lat' dir='ltr'>libris</span> <span class='ocrx_word' id='word_1_84' title='bbox 1148 1265 1246 1330; x_wconf 89' lang='lat' dir='ltr'>poste·</span> 
     </span>
     <span class='ocr_line' id='line_1_11' title="bbox 97 1351 1247 1432; baseline 0.003 -18"><span class='ocrx_word' id='word_1_85' title='bbox 97 1353 231 1424; x_wconf 88' lang='lat' dir='ltr'>rioribus,</span> <span class='ocrx_word' id='word_1_86' title='bbox 246 1357 280 1410; x_wconf 92' lang='lat' dir='ltr'>ut</span> <span class='ocrx_word' id='word_1_87' title='bbox 296 1351 427 1410; x_wconf 87' lang='lat' dir='ltr'>iarnbicis</span> <span class='ocrx_word' id='word_1_88' title='bbox 449 1356 500 1410; x_wconf 91' lang='lat' dir='ltr'>aut</span> <span class='ocrx_word' id='word_1_89' title='bbox 521 1351 731 1430; x_wconf 85' lang='lat' dir='ltr'>pyrrbiobiacIs</span> <span class='ocrx_word' id='word_1_90' title='bbox 754 1352 869 1412; x_wconf 90' lang='lat' dir='ltr'>vocibus</span> <span class='ocrx_word' id='word_1_91' title='bbox 892 1369 991 1414; x_wconf 83' lang='lat' dir='ltr'>versus</span> <span class='ocrx_word' id='word_1_92' title='bbox 1013 1357 1136 1430; x_wconf 85' lang='lat' dir='ltr'>claudat,</span> <span class='ocrx_word' id='word_1_93' title='bbox 1161 1375 1247 1432; x_wconf 89' lang='lat' dir='ltr'>quam</span> 
     </span>
     <span class='ocr_line' id='line_1_12' title="bbox 97 1451 1246 1527; baseline 0.005 -15"><span class='ocrx_word' id='word_1_94' title='bbox 97 1455 221 1514; x_wconf 83' lang='lat' dir='ltr'>maxime</span> <span class='ocrx_word' id='word_1_95' title='bbox 242 1457 330 1524; x_wconf 88' lang='lat' dir='ltr'>poeta</span> <span class='ocrx_word' id='word_1_96' title='bbox 351 1468 471 1524; x_wconf 89' lang='lat' dir='ltr'>operam</span> <span class='ocrx_word' id='word_1_97' title='bbox 492 1452 551 1522; x_wconf 88' lang='lat' dir='ltr'>dat,</span> <span class='ocrx_word' id='word_1_98' title='bbox 575 1467 631 1522; x_wconf 86' lang='lat' dir='ltr'>qua</span> <span class='ocrx_word' id='word_1_99' title='bbox 653 1451 682 1508; x_wconf 91' lang='lat' dir='ltr'>in</span> <span class='ocrx_word' id='word_1_100' title='bbox 704 1469 747 1524; x_wconf 88' lang='lat' dir='ltr'>re,</span> <span class='ocrx_word' id='word_1_101' title='bbox 773 1455 797 1511; x_wconf 93' lang='lat' dir='ltr'>si</span> <span class='ocrx_word' id='word_1_102' title='bbox 819 1459 899 1512; x_wconf 85' lang='lat' dir='ltr'>recte</span> <span class='ocrx_word' id='word_1_103' title='bbox 914 1455 1052 1527; x_wconf 89' lang='lat' dir='ltr'>suspicor,</span> <span class='ocrx_word' id='word_1_104' title='bbox 1069 1457 1246 1518; x_wconf 80' lang='grc'>001011000-</span> 
     </span>
     <span class='ocr_line' id='line_1_13' title="bbox 97 1549 1247 1629; baseline 0.003 -18"><span class='ocrx_word' id='word_1_105' title='bbox 97 1555 202 1612; x_wconf 88' lang='lat' dir='ltr'>toritas</span> <span class='ocrx_word' id='word_1_106' title='bbox 224 1550 457 1624; x_wconf 86' lang='lat' dir='ltr'>deprehenditur.</span> <span class='ocrx_word' id='word_1_107' title='bbox 502 1551 566 1622; x_wconf 76' lang='lat' dir='ltr'>Quo</span> <span class='ocrx_word' id='word_1_108' title='bbox 587 1549 695 1610; x_wconf 88' lang='lat' dir='ltr'>factum</span> <span class='ocrx_word' id='word_1_109' title='bbox 711 1555 764 1625; x_wconf 87' lang='lat' dir='ltr'>est,</span> <span class='ocrx_word' id='word_1_110' title='bbox 780 1557 811 1610; x_wconf 91' lang='lat' dir='ltr'>ut</span> <span class='ocrx_word' id='word_1_111' title='bbox 826 1553 856 1610; x_wconf 91' lang='lat' dir='ltr'>in</span> <span class='ocrx_word' id='word_1_112' title='bbox 870 1554 1078 1626; x_wconf 82' lang='lat' dir='ltr'>posterioribus</span> <span class='ocrx_word' id='word_1_113' title='bbox 1100 1555 1247 1629; x_wconf 88' lang='lat' dir='ltr'>Propertii</span> 
     </span>
     <span class='ocr_line' id='line_1_14' title="bbox 98 1647 1247 1731; baseline 0.004 -22"><span class='ocrx_word' id='word_1_114' title='bbox 98 1652 182 1710; x_wconf 90' lang='lat' dir='ltr'>libris</span> <span class='ocrx_word' id='word_1_115' title='bbox 202 1655 267 1723; x_wconf 89' lang='lat' dir='ltr'>post</span> <span class='ocrx_word' id='word_1_116' title='bbox 287 1667 313 1709; x_wconf 92' lang='lat' dir='ltr'>a.</span> <span class='ocrx_word' id='word_1_117' title='bbox 335 1655 403 1710; x_wconf 90' lang='lat' dir='ltr'>ante</span> <span class='ocrx_word' id='word_1_118' title='bbox 425 1647 493 1708; x_wconf 82' lang='grc'>(110.</span> <span class='ocrx_word' id='word_1_119' title='bbox 516 1667 543 1707; x_wconf 91' lang='grc'>0.</span> <span class='ocrx_word' id='word_1_120' title='bbox 565 1651 605 1706; x_wconf 92' lang='grc'>22</span> <span class='ocrx_word' id='word_1_121' title='bbox 628 1651 712 1710; x_wconf 86' lang='lat' dir='ltr'>editis</span> <span class='ocrx_word' id='word_1_122' title='bbox 741 1655 940 1726; x_wconf 87' lang='lat' dir='ltr'>anapaestiea,</span> <span class='ocrx_word' id='word_1_123' title='bbox 968 1655 1004 1714; x_wconf 91' lang='lat' dir='ltr'>de</span> <span class='ocrx_word' id='word_1_124' title='bbox 1024 1667 1084 1727; x_wconf 77' lang='lat' dir='ltr'>qua&#39;</span> <span class='ocrx_word' id='word_1_125' title='bbox 1101 1657 1163 1716; x_wconf 89' lang='lat' dir='ltr'>sola</span> <span class='ocrx_word' id='word_1_126' title='bbox 1184 1658 1247 1731; x_wconf 78' lang='lat' dir='ltr'>agi·</span> 
     </span>
     <span class='ocr_line' id='line_1_15' title="bbox 98 1750 1293 1826; baseline 0.005 -16"><span class='ocrx_word' id='word_1_127' title='bbox 98 1769 170 1826; x_wconf 90' lang='lat' dir='ltr'>mus,</span> <span class='ocrx_word' id='word_1_128' title='bbox 194 1751 322 1812; x_wconf 83' lang='lat' dir='ltr'>clausula</span> <span class='ocrx_word' id='word_1_129' title='bbox 343 1752 386 1810; x_wconf 91' lang='lat' dir='ltr'>ita</span> <span class='ocrx_word' id='word_1_130' title='bbox 406 1751 444 1810; x_wconf 91' lang='lat' dir='ltr'>sit</span> <span class='ocrx_word' id='word_1_131' title='bbox 464 1750 564 1822; x_wconf 78' lang='grc'>011010,</span> <span class='ocrx_word' id='word_1_132' title='bbox 594 1755 627 1808; x_wconf 88' lang='grc'>01</span> <span class='ocrx_word' id='word_1_133' title='bbox 655 1752 732 1810; x_wconf 88' lang='lat' dir='ltr'>inter</span> <span class='ocrx_word' id='word_1_134' title='bbox 755 1753 814 1810; x_wconf 85' lang='grc'>976</span> <span class='ocrx_word' id='word_1_135' title='bbox 836 1759 1034 1824; x_wconf 87' lang='lat' dir='ltr'>pentametros</span> <span class='ocrx_word' id='word_1_136' title='bbox 1063 1773 1122 1814; x_wconf 92' lang='lat' dir='ltr'>non</span> <span class='ocrx_word' id='word_1_137' title='bbox 1151 1762 1246 1816; x_wconf 87' lang='lat' dir='ltr'>exstet</span> <span class='ocrx_word' id='word_1_138' title='bbox 1290 1807 1293 1816; x_wconf 88' lang='lat'>.</span> 
     </span>
     <span class='ocr_line' id='line_1_16' title="bbox 97 1850 1245 1926; baseline 0.003 -16"><span class='ocrx_word' id='word_1_139' title='bbox 97 1853 154 1911; x_wconf 89' lang='lat' dir='ltr'>nisi</span> <span class='ocrx_word' id='word_1_140' title='bbox 175 1852 218 1911; x_wconf 86' lang='lat' dir='ltr'>bis</span> <span class='ocrx_word' id='word_1_141' title='bbox 239 1851 289 1923; x_wconf 95' lang='lat' dir='ltr'>IV,</span> <span class='ocrx_word' id='word_1_142' title='bbox 316 1853 364 1921; x_wconf 87' lang='grc'>12,</span> <span class='ocrx_word' id='word_1_143' title='bbox 388 1851 436 1908; x_wconf 86' lang='grc'>30.</span> <span class='ocrx_word' id='word_1_144' title='bbox 464 1850 499 1922; x_wconf 87' lang='lat' dir='ltr'>V,</span> <span class='ocrx_word' id='word_1_145' title='bbox 517 1851 545 1920; x_wconf 92' lang='grc'>2,</span> <span class='ocrx_word' id='word_1_146' title='bbox 566 1851 605 1908; x_wconf 87' lang='grc'>38</span> <span class='ocrx_word' id='word_1_147' title='bbox 624 1850 749 1924; x_wconf 82' lang='lat' dir='ltr'>itemque</span> <span class='ocrx_word' id='word_1_148' title='bbox 771 1853 835 1924; x_wconf 92' lang='lat' dir='ltr'>plus</span> <span class='ocrx_word' id='word_1_149' title='bbox 857 1853 946 1910; x_wconf 90' lang='lat' dir='ltr'>trium</span> <span class='ocrx_word' id='word_1_150' title='bbox 968 1853 1145 1926; x_wconf 84' lang='lat' dir='ltr'>syllabarum</span> <span class='ocrx_word' id='word_1_151' title='bbox 1167 1857 1245 1914; x_wconf 86' lang='lat' dir='ltr'>elau·</span> 
     </span>
     <span class='ocr_line' id='line_1_17' title="bbox 98 1951 1245 2024; baseline 0.003 -14"><span class='ocrx_word' id='word_1_152' title='bbox 98 1953 182 2010; x_wconf 88' lang='lat' dir='ltr'>sulae</span> <span class='ocrx_word' id='word_1_153' title='bbox 202 1967 263 2010; x_wconf 88' lang='lat' dir='ltr'>nou</span> <span class='ocrx_word' id='word_1_154' title='bbox 283 1952 398 2021; x_wconf 86' lang='lat' dir='ltr'>saepius</span> <span class='ocrx_word' id='word_1_155' title='bbox 412 1965 496 2022; x_wconf 90' lang='lat' dir='ltr'>quam</span> <span class='ocrx_word' id='word_1_156' title='bbox 518 1951 723 2024; x_wconf 89' lang='lat' dir='ltr'>septiesdecies</span> <span class='ocrx_word' id='word_1_157' title='bbox 745 1951 806 2023; x_wconf 80' lang='lat' dir='ltr'>(IV,</span> <span class='ocrx_word' id='word_1_158' title='bbox 830 1953 859 2022; x_wconf 88' lang='grc'>2,</span> <span class='ocrx_word' id='word_1_159' title='bbox 882 1953 933 2010; x_wconf 86' lang='grc'>28.</span> <span class='ocrx_word' id='word_1_160' title='bbox 956 1953 984 2022; x_wconf 89' lang='grc'>3,</span> <span class='ocrx_word' id='word_1_161' title='bbox 1010 1954 1056 2010; x_wconf 89' lang='grc'>10.</span> <span class='ocrx_word' id='word_1_162' title='bbox 1080 1955 1106 2024; x_wconf 91' lang='grc'>6,</span> <span class='ocrx_word' id='word_1_163' title='bbox 1123 1956 1172 2012; x_wconf 90' lang='grc'>22.</span> <span class='ocrx_word' id='word_1_164' title='bbox 1198 1959 1245 2022; x_wconf 94' lang='grc'>10,</span> 
     </span>
     <span class='ocr_line' id='line_1_18' title="bbox 100 2051 1245 2128; baseline 0.003 -19"><span class='ocrx_word' id='word_1_165' title='bbox 100 2055 150 2110; x_wconf 88' lang='grc'>72.</span> <span class='ocrx_word' id='word_1_166' title='bbox 177 2054 223 2122; x_wconf 92' lang='grc'>11,</span> <span class='ocrx_word' id='word_1_167' title='bbox 247 2051 296 2108; x_wconf 91' lang='grc'>30.</span> <span class='ocrx_word' id='word_1_168' title='bbox 336 2051 382 2120; x_wconf 93' lang='grc'>12,</span> <span class='ocrx_word' id='word_1_169' title='bbox 406 2051 455 2106; x_wconf 92' lang='grc'>24.</span> <span class='ocrx_word' id='word_1_170' title='bbox 485 2051 534 2121; x_wconf 90' lang='grc'>13,</span> <span class='ocrx_word' id='word_1_171' title='bbox 556 2053 629 2110; x_wconf 92' lang='grc'>2.8.</span> <span class='ocrx_word' id='word_1_172' title='bbox 659 2051 706 2121; x_wconf 88' lang='grc'>18,</span> <span class='ocrx_word' id='word_1_173' title='bbox 734 2054 782 2109; x_wconf 92' lang='grc'>10.</span> <span class='ocrx_word' id='word_1_174' title='bbox 812 2052 862 2122; x_wconf 88' lang='grc'>20,</span> <span class='ocrx_word' id='word_1_175' title='bbox 886 2054 936 2111; x_wconf 90' lang='grc'>28.</span> <span class='ocrx_word' id='word_1_176' title='bbox 964 2054 1013 2119; x_wconf 92' lang='grc'>22,</span> <span class='ocrx_word' id='word_1_177' title='bbox 1037 2055 1087 2111; x_wconf 87' lang='grc'>20.</span> <span class='ocrx_word' id='word_1_178' title='bbox 1123 2056 1173 2128; x_wconf 90' lang='grc'>23,</span> <span class='ocrx_word' id='word_1_179' title='bbox 1196 2057 1245 2114; x_wconf 91' lang='grc'>20.</span> 
     </span>
     <span class='ocr_line' id='line_1_19' title="bbox 97 2141 1245 2225; baseline 0 -15"><span class='ocrx_word' id='word_1_180' title='bbox 97 2153 134 2221; x_wconf 93' lang='lat' dir='ltr'>V,</span> <span class='ocrx_word' id='word_1_181' title='bbox 161 2155 187 2221; x_wconf 93' lang='grc'>1,</span> <span class='ocrx_word' id='word_1_182' title='bbox 211 2152 259 2208; x_wconf 87' lang='grc'>64.</span> <span class='ocrx_word' id='word_1_183' title='bbox 287 2152 318 2221; x_wconf 86' lang='grc'>2,</span> <span class='ocrx_word' id='word_1_184' title='bbox 342 2150 391 2207; x_wconf 87' lang='grc'>34.</span> <span class='ocrx_word' id='word_1_185' title='bbox 421 2152 449 2219; x_wconf 91' lang='grc'>4,</span> <span class='ocrx_word' id='word_1_186' title='bbox 475 2151 523 2207; x_wconf 90' lang='grc'>76.</span> <span class='ocrx_word' id='word_1_187' title='bbox 554 2141 581 2219; x_wconf 85' lang='grc'>5,</span> <span class='ocrx_word' id='word_1_188' title='bbox 606 2153 634 2208; x_wconf 92' lang='grc'>8.</span> <span class='ocrx_word' id='word_1_189' title='bbox 649 2145 716 2223; x_wconf 83' lang='grc'>28),</span> <span class='ocrx_word' id='word_1_190' title='bbox 749 2150 801 2208; x_wconf 90' lang='grc'>000</span> <span class='ocrx_word' id='word_1_191' title='bbox 828 2151 994 2225; x_wconf 85' lang='lat' dir='ltr'>plerumque</span> <span class='ocrx_word' id='word_1_192' title='bbox 1023 2155 1053 2212; x_wconf 90' lang='grc'>10</span> <span class='ocrx_word' id='word_1_193' title='bbox 1081 2155 1245 2213; x_wconf 89' lang='lat' dir='ltr'>nominibus</span> 
     </span>
     <span class='ocr_line' id='line_1_20' title="bbox 97 2248 1123 2325; baseline -0.002 -15"><span class='ocrx_word' id='word_1_194' title='bbox 97 2251 223 2325; x_wconf 90' lang='lat' dir='ltr'>propriis</span> <span class='ocrx_word' id='word_1_195' title='bbox 244 2251 290 2308; x_wconf 85' lang='lat' dir='ltr'>vel</span> <span class='ocrx_word' id='word_1_196' title='bbox 313 2248 641 2322; x_wconf 60' lang='lat' dir='ltr'>praeruptissimae</span> <span class='ocrx_word' id='word_1_197' title='bbox 663 2250 830 2321; x_wconf 90' lang='lat' dir='ltr'>saepissime</span> <span class='ocrx_word' id='word_1_198' title='bbox 852 2251 978 2322; x_wconf 83' lang='lat' dir='ltr'>migrare</span> <span class='ocrx_word' id='word_1_199' title='bbox 1001 2256 1082 2309; x_wconf 89' lang='grc'>00001</span> <span class='ocrx_word' id='word_1_200' title='bbox 1102 2255 1123 2308; x_wconf 89' lang='grc'>1.</span> 
     </span>
    </p>

    <p class='ocr_par' dir='ltr' id='par_1_4' title="bbox 97 2347 1250 4124">
     <span class='ocr_line' id='line_1_21' title="bbox 185 2347 1246 2432; baseline 0.001 -22"><span class='ocrx_word' id='word_1_201' title='bbox 185 2352 226 2410; x_wconf 85' lang='lat' dir='ltr'>At</span> <span class='ocrx_word' id='word_1_202' title='bbox 250 2363 344 2420; x_wconf 90' lang='lat' dir='ltr'>neque</span> <span class='ocrx_word' id='word_1_203' title='bbox 371 2347 500 2408; x_wconf 84' lang='lat' dir='ltr'>Tibullus</span> <span class='ocrx_word' id='word_1_204' title='bbox 529 2365 623 2422; x_wconf 87' lang='lat' dir='ltr'>neque</span> <span class='ocrx_word' id='word_1_205' title='bbox 645 2348 815 2420; x_wconf 87' lang='lat' dir='ltr'>Propertius</span> <span class='ocrx_word' id='word_1_206' title='bbox 835 2349 873 2410; x_wconf 90' lang='lat' dir='ltr'>ad</span> <span class='ocrx_word' id='word_1_207' title='bbox 895 2365 959 2410; x_wconf 88' lang='lat' dir='ltr'>eam</span> <span class='ocrx_word' id='word_1_208' title='bbox 981 2349 1156 2432; x_wconf 81' lang='lat' dir='ltr'>elegantiam</span> <span class='ocrx_word' id='word_1_209' title='bbox 1178 2367 1246 2424; x_wconf 89' lang='lat' dir='ltr'>pro-</span> 
     </span>
     <span class='ocr_line' id='line_1_22' title="bbox 100 2449 1247 2524; baseline 0.002 -16"><span class='ocrx_word' id='word_1_210' title='bbox 100 2462 220 2524; x_wconf 86' lang='lat' dir='ltr'>gressus</span> <span class='ocrx_word' id='word_1_211' title='bbox 248 2451 300 2519; x_wconf 89' lang='lat' dir='ltr'>est,</span> <span class='ocrx_word' id='word_1_212' title='bbox 331 2463 414 2520; x_wconf 90' lang='lat' dir='ltr'>quam</span> <span class='ocrx_word' id='word_1_213' title='bbox 443 2449 471 2506; x_wconf 91' lang='lat' dir='ltr'>in</span> <span class='ocrx_word' id='word_1_214' title='bbox 501 2449 638 2508; x_wconf 78' lang='lat' dir='ltr'>Ouidio</span> <span class='ocrx_word' id='word_1_215' title='bbox 668 2449 854 2520; x_wconf 87' lang='lat' dir='ltr'>admiramur,</span> <span class='ocrx_word' id='word_1_216' title='bbox 884 2451 965 2509; x_wconf 89' lang='lat' dir='ltr'>ouius</span> <span class='ocrx_word' id='word_1_217' title='bbox 995 2452 1026 2508; x_wconf 91' lang='lat' dir='ltr'>in</span> <span class='ocrx_word' id='word_1_218' title='bbox 1054 2451 1247 2510; x_wconf 87' lang='lat' dir='ltr'>limatioribus</span> 
     </span>
     <span class='ocr_line' id='line_1_23' title="bbox 99 2545 1246 2622; baseline 0.002 -14"><span class='ocrx_word' id='word_1_219' title='bbox 99 2545 274 2609; x_wconf 81' lang='lat' dir='ltr'>carminibus</span> <span class='ocrx_word' id='word_1_220' title='bbox 289 2547 409 2608; x_wconf 88' lang='lat' dir='ltr'>-dico</span> <span class='ocrx_word' id='word_1_221' title='bbox 424 2547 579 2620; x_wconf 81' lang='lat' dir='ltr'>Heroides,</span> <span class='ocrx_word' id='word_1_222' title='bbox 595 2549 728 2620; x_wconf 81' lang='lat' dir='ltr'>Amores,</span> <span class='ocrx_word' id='word_1_223' title='bbox 751 2550 796 2607; x_wconf 89' lang='lat' dir='ltr'>De</span> <span class='ocrx_word' id='word_1_224' title='bbox 817 2549 1006 2610; x_wconf 88' lang='grc'>0001000100</span> <span class='ocrx_word' id='word_1_225' title='bbox 1025 2549 1110 2610; x_wconf 84' lang='lat' dir='ltr'>faciei</span> <span class='ocrx_word' id='word_1_226' title='bbox 1131 2550 1246 2622; x_wconf 89' lang='lat' dir='ltr'>librum,</span> 
     </span>
     <span class='ocr_line' id='line_1_24' title="bbox 98 2647 1247 2723; baseline -0.001 -15"><span class='ocrx_word' id='word_1_227' title='bbox 98 2648 203 2708; x_wconf 83' lang='lat' dir='ltr'>Artem</span> <span class='ocrx_word' id='word_1_228' title='bbox 231 2649 415 2719; x_wconf 85' lang='lat' dir='ltr'>amatorium,</span> <span class='ocrx_word' id='word_1_229' title='bbox 436 2649 579 2707; x_wconf 83' lang='lat' dir='ltr'>Remedia</span> <span class='ocrx_word' id='word_1_230' title='bbox 600 2651 715 2721; x_wconf 86' lang='lat' dir='ltr'>amoris,</span> <span class='ocrx_word' id='word_1_231' title='bbox 738 2648 843 2708; x_wconf 82' lang='lat' dir='ltr'>Festos</span> <span class='ocrx_word' id='word_1_232' title='bbox 866 2677 905 2688; x_wconf 91' lang='lat'>—-</span> <span class='ocrx_word' id='word_1_233' title='bbox 929 2665 987 2708; x_wconf 87' lang='lat' dir='ltr'>nou</span> <span class='ocrx_word' id='word_1_234' title='bbox 1009 2647 1131 2723; x_wconf 88' lang='lat' dir='ltr'>amplius</span> <span class='ocrx_word' id='word_1_235' title='bbox 1154 2651 1247 2708; x_wconf 90' lang='lat' dir='ltr'>sexies</span> 
     </span>
     <span class='ocr_line' id='line_1_25' title="bbox 100 2745 1247 2823; baseline 0 -17"><span class='ocrx_word' id='word_1_236' title='bbox 100 2749 188 2823; x_wconf 83' lang='lat' dir='ltr'>(Her.</span> <span class='ocrx_word' id='word_1_237' title='bbox 209 2745 288 2822; x_wconf 85' lang='lat' dir='ltr'>XIV,</span> <span class='ocrx_word' id='word_1_238' title='bbox 312 2748 360 2804; x_wconf 88' lang='grc'>62.</span> <span class='ocrx_word' id='word_1_239' title='bbox 389 2746 455 2818; x_wconf 89' lang='lat' dir='ltr'>XV,</span> <span class='ocrx_word' id='word_1_240' title='bbox 483 2749 549 2806; x_wconf 83' lang='grc'>184.</span> <span class='ocrx_word' id='word_1_241' title='bbox 577 2749 657 2821; x_wconf 90' lang='lat' dir='ltr'>XVI,</span> <span class='ocrx_word' id='word_1_242' title='bbox 684 2751 730 2808; x_wconf 89' lang='lat'>16.</span> <span class='ocrx_word' id='word_1_243' title='bbox 760 2748 866 2818; x_wconf 88' lang='lat' dir='ltr'>XVIII,</span> <span class='ocrx_word' id='word_1_244' title='bbox 890 2749 961 2807; x_wconf 91' lang='grc'>202.</span> <span class='ocrx_word' id='word_1_245' title='bbox 1014 2748 1096 2808; x_wconf 75' lang='grc'>8001.</span> <span class='ocrx_word' id='word_1_246' title='bbox 1117 2750 1153 2820; x_wconf 87' lang='lat' dir='ltr'>V,</span> <span class='ocrx_word' id='word_1_247' title='bbox 1178 2751 1247 2807; x_wconf 89' lang='grc'>582.</span> 
     </span>
     <span class='ocr_line' id='line_1_26' title="bbox 98 2847 1249 2920; baseline -0.001 -13"><span class='ocrx_word' id='word_1_248' title='bbox 98 2849 150 2919; x_wconf 88' lang='lat' dir='ltr'>VI,</span> <span class='ocrx_word' id='word_1_249' title='bbox 175 2848 250 2918; x_wconf 91' lang='grc'>660)</span> <span class='ocrx_word' id='word_1_250' title='bbox 271 2849 301 2905; x_wconf 92' lang='grc'>10</span> <span class='ocrx_word' id='word_1_251' title='bbox 323 2848 428 2920; x_wconf 89' lang='lat' dir='ltr'>spuriis</span> <span class='ocrx_word' id='word_1_252' title='bbox 449 2848 579 2906; x_wconf 84' lang='lat' dir='ltr'>versibus</span> <span class='ocrx_word' id='word_1_253' title='bbox 600 2849 645 2906; x_wconf 86' lang='lat' dir='ltr'>uel</span> <span class='ocrx_word' id='word_1_254' title='bbox 666 2849 797 2920; x_wconf 88' lang='lat' dir='ltr'>epistolis</span> <span class='ocrx_word' id='word_1_255' title='bbox 819 2851 848 2905; x_wconf 91' lang='lat' dir='ltr'>et</span> <span class='ocrx_word' id='word_1_256' title='bbox 874 2848 905 2904; x_wconf 94' lang='lat' dir='ltr'>in</span> <span class='ocrx_word' id='word_1_257' title='bbox 933 2848 1069 2906; x_wconf 86' lang='lat' dir='ltr'>extremis</span> <span class='ocrx_word' id='word_1_258' title='bbox 1093 2847 1249 2906; x_wconf 85' lang='lat' dir='ltr'>Fastorum</span> 
     </span>
     <span class='ocr_line' id='line_1_27' title="bbox 97 2945 1248 3021; baseline -0.001 -15"><span class='ocrx_word' id='word_1_259' title='bbox 97 2949 183 3007; x_wconf 90' lang='lat' dir='ltr'>libris</span> <span class='ocrx_word' id='word_1_260' title='bbox 204 2962 261 3006; x_wconf 90' lang='lat' dir='ltr'>non</span> <span class='ocrx_word' id='word_1_261' title='bbox 282 2963 401 3020; x_wconf 89' lang='lat' dir='ltr'>prorsus</span> <span class='ocrx_word' id='word_1_262' title='bbox 414 2948 575 3019; x_wconf 75' lang='lat' dir='ltr'>‚perpolitis</span> <span class='ocrx_word' id='word_1_263' title='bbox 595 2949 770 3019; x_wconf 87' lang='lat' dir='ltr'>pentametri</span> <span class='ocrx_word' id='word_1_264' title='bbox 786 2945 940 3008; x_wconf 80' lang='lat' dir='ltr'>uocabulis</span> <span class='ocrx_word' id='word_1_265' title='bbox 960 2947 1025 3021; x_wconf 89' lang='lat' dir='ltr'>plus</span> <span class='ocrx_word' id='word_1_266' title='bbox 1048 2947 1170 3008; x_wconf 88' lang='lat' dir='ltr'>duarum</span> <span class='ocrx_word' id='word_1_267' title='bbox 1190 2947 1248 3020; x_wconf 91' lang='lat' dir='ltr'>syl·</span> 
     </span>
     <span class='ocr_line' id='line_1_28' title="bbox 98 3045 1249 3122; baseline 0.001 -16"><span class='ocrx_word' id='word_1_268' title='bbox 98 3045 233 3106; x_wconf 90' lang='lat' dir='ltr'>labarum</span> <span class='ocrx_word' id='word_1_269' title='bbox 254 3045 400 3106; x_wconf 90' lang='lat' dir='ltr'>finiuntur.</span> <span class='ocrx_word' id='word_1_270' title='bbox 443 3047 614 3122; x_wconf 80' lang='lat' dir='ltr'>Elegiarum</span> <span class='ocrx_word' id='word_1_271' title='bbox 635 3051 742 3122; x_wconf 73' lang='lat' dir='ltr'>autem,</span> <span class='ocrx_word' id='word_1_272' title='bbox 765 3064 834 3122; x_wconf 87' lang='lat' dir='ltr'>quas</span> <span class='ocrx_word' id='word_1_273' title='bbox 855 3048 1001 3122; x_wconf 82' lang='lat' dir='ltr'>relegatus</span> <span class='ocrx_word' id='word_1_274' title='bbox 1023 3054 1111 3120; x_wconf 90' lang='lat' dir='ltr'>poeta</span> <span class='ocrx_word' id='word_1_275' title='bbox 1132 3063 1249 3121; x_wconf 89' lang='lat' dir='ltr'>compo·</span> 
     </span>
     <span class='ocr_line' id='line_1_29' title="bbox 100 3145 1249 3222; baseline -0.003 -16"><span class='ocrx_word' id='word_1_276' title='bbox 100 3147 168 3214; x_wconf 90' lang='lat' dir='ltr'>suit,</span> <span class='ocrx_word' id='word_1_277' title='bbox 190 3163 248 3205; x_wconf 90' lang='lat' dir='ltr'>non</span> <span class='ocrx_word' id='word_1_278' title='bbox 269 3154 302 3207; x_wconf 91' lang='lat' dir='ltr'>ut</span> <span class='ocrx_word' id='word_1_279' title='bbox 322 3147 438 3208; x_wconf 84' lang='lat' dir='ltr'>laudem</span> <span class='ocrx_word' id='word_1_280' title='bbox 458 3163 492 3206; x_wconf 90' lang='grc'>00</span> <span class='ocrx_word' id='word_1_281' title='bbox 504 3149 636 3222; x_wconf 68' lang='lat' dir='ltr'>&#39;gloriam</span> <span class='ocrx_word' id='word_1_282' title='bbox 658 3147 788 3207; x_wconf 89' lang='lat' dir='ltr'>versibus</span> <span class='ocrx_word' id='word_1_283' title='bbox 810 3146 866 3206; x_wconf 87' lang='lat' dir='ltr'>sibi</span> <span class='ocrx_word' id='word_1_284' title='bbox 879 3151 998 3221; x_wconf 87' lang='lat' dir='ltr'>pararet</span> <span class='ocrx_word' id='word_1_285' title='bbox 1013 3147 1064 3206; x_wconf 90' lang='lat' dir='ltr'>sed</span> <span class='ocrx_word' id='word_1_286' title='bbox 1078 3151 1112 3205; x_wconf 92' lang='lat' dir='ltr'>ut</span> <span class='ocrx_word' id='word_1_287' title='bbox 1125 3145 1249 3218; x_wconf 81' lang='lat' dir='ltr'>Augusti</span> 
     </span>
     <span class='ocr_line' id='line_1_30' title="bbox 99 3246 1249 3332; baseline -0.003 -24"><span class='ocrx_word' id='word_1_288' title='bbox 99 3250 174 3308; x_wconf 89' lang='lat' dir='ltr'>iram</span> <span class='ocrx_word' id='word_1_289' title='bbox 202 3248 335 3320; x_wconf 84' lang='lat' dir='ltr'>placaret</span> <span class='ocrx_word' id='word_1_290' title='bbox 356 3247 560 3332; x_wconf 82' lang='lat' dir='ltr'>Tiberiumque</span> <span class='ocrx_word' id='word_1_291' title='bbox 589 3249 626 3307; x_wconf 88' lang='lat' dir='ltr'>ad</span> <span class='ocrx_word' id='word_1_292' title='bbox 656 3247 884 3306; x_wconf 83' lang='lat' dir='ltr'>misericordiam</span> <span class='ocrx_word' id='word_1_293' title='bbox 904 3247 1070 3319; x_wconf 84' lang='lat' dir='ltr'>deduceret,</span> <span class='ocrx_word' id='word_1_294' title='bbox 1091 3246 1179 3305; x_wconf 90' lang='lat' dir='ltr'>etiam</span> <span class='ocrx_word' id='word_1_295' title='bbox 1201 3260 1249 3304; x_wconf 91' lang='lat' dir='ltr'>ars</span> 
     </span>
     <span class='ocr_line' id='line_1_31' title="bbox 100 3345 1250 3422; baseline -0.006 -12"><span class='ocrx_word' id='word_1_296' title='bbox 100 3345 223 3410; x_wconf 79' lang='lat' dir='ltr'>metrica</span> <span class='ocrx_word' id='word_1_297' title='bbox 243 3349 335 3407; x_wconf 90' lang='lat' dir='ltr'>multo</span> <span class='ocrx_word' id='word_1_298' title='bbox 356 3347 555 3422; x_wconf 76' lang='lat' dir='ltr'>neglegentior</span> <span class='ocrx_word' id='word_1_299' title='bbox 579 3353 632 3419; x_wconf 89' lang='lat' dir='ltr'>est,</span> <span class='ocrx_word' id='word_1_300' title='bbox 653 3347 683 3406; x_wconf 90' lang='lat' dir='ltr'>id</span> <span class='ocrx_word' id='word_1_301' title='bbox 706 3346 781 3420; x_wconf 90' lang='lat' dir='ltr'>quod</span> <span class='ocrx_word' id='word_1_302' title='bbox 803 3345 921 3406; x_wconf 81' lang='lat' dir='ltr'>Ovidius</span> <span class='ocrx_word' id='word_1_303' title='bbox 940 3348 1004 3418; x_wconf 82' lang='lat' dir='ltr'>ipsa</span> <span class='ocrx_word' id='word_1_304' title='bbox 1025 3363 1083 3405; x_wconf 88' lang='lat' dir='ltr'>non</span> <span class='ocrx_word' id='word_1_305' title='bbox 1104 3345 1250 3420; x_wconf 69' lang='lat' dir='ltr'>ignormst</span> 
     </span>
     <span class='ocr_line' id='line_1_32' title="bbox 100 3442 1249 3524; baseline -0.004 -17"><span class='ocrx_word' id='word_1_306' title='bbox 100 3447 151 3524; x_wconf 86' lang='lat' dir='ltr'>(cf.</span> <span class='ocrx_word' id='word_1_307' title='bbox 179 3448 499 3520; x_wconf 84' lang='lat' dir='ltr'>Trist.IV,1,1·sq.</span> <span class='ocrx_word' id='word_1_308' title='bbox 542 3447 566 3518; x_wconf 94' lang='lat' dir='ltr'>I,</span> <span class='ocrx_word' id='word_1_309' title='bbox 594 3451 641 3518; x_wconf 92' lang='grc'>11,</span> <span class='ocrx_word' id='word_1_310' title='bbox 672 3445 711 3505; x_wconf 90' lang='grc'>35</span> <span class='ocrx_word' id='word_1_311' title='bbox 739 3462 777 3506; x_wconf 88' lang='lat' dir='ltr'>ex</span> <span class='ocrx_word' id='word_1_312' title='bbox 804 3446 888 3506; x_wconf 85' lang='lat' dir='ltr'>Pont.</span> <span class='ocrx_word' id='word_1_313' title='bbox 917 3444 971 3515; x_wconf 86' lang='lat'>111,</span> <span class='ocrx_word' id='word_1_314' title='bbox 995 3447 1022 3516; x_wconf 87' lang='grc'>0,</span> <span class='ocrx_word' id='word_1_315' title='bbox 1046 3447 1064 3501; x_wconf 87' lang='grc'>7</span> <span class='ocrx_word' id='word_1_316' title='bbox 1087 3442 1148 3518; x_wconf 87' lang='grc'>01).</span> <span class='ocrx_word' id='word_1_317' title='bbox 1192 3442 1249 3502; x_wconf 85' lang='lat' dir='ltr'>Sed</span> 
     </span>
     <span class='ocr_line' id='line_1_33' title="bbox 100 3543 1249 3620; baseline -0.007 -11"><span class='ocrx_word' id='word_1_318' title='bbox 100 3549 257 3609; x_wconf 87' lang='lat' dir='ltr'>durissima</span> <span class='ocrx_word' id='word_1_319' title='bbox 285 3548 413 3608; x_wconf 88' lang='lat' dir='ltr'>clausula</span> <span class='ocrx_word' id='word_1_320' title='bbox 441 3547 629 3620; x_wconf 88' lang='lat' dir='ltr'>anapaestica</span> <span class='ocrx_word' id='word_1_321' title='bbox 650 3562 686 3605; x_wconf 90' lang='lat' dir='ltr'>ne</span> <span class='ocrx_word' id='word_1_322' title='bbox 707 3547 737 3604; x_wconf 92' lang='lat' dir='ltr'>iu</span> <span class='ocrx_word' id='word_1_323' title='bbox 758 3545 813 3604; x_wconf 90' lang='lat' dir='ltr'>hac</span> <span class='ocrx_word' id='word_1_324' title='bbox 836 3543 951 3618; x_wconf 89' lang='lat' dir='ltr'>quidem</span> <span class='ocrx_word' id='word_1_325' title='bbox 972 3543 1052 3602; x_wconf 85' lang='lat' dir='ltr'>tristi</span> <span class='ocrx_word' id='word_1_326' title='bbox 1082 3543 1249 3602; x_wconf 82' lang='lat' dir='ltr'>condicione</span> 
     </span>
     <span class='ocr_line' id='line_1_34' title="bbox 99 3639 1249 3722; baseline -0.006 -15"><span class='ocrx_word' id='word_1_327' title='bbox 99 3647 217 3722; x_wconf 87' lang='lat' dir='ltr'>saepius</span> <span class='ocrx_word' id='word_1_328' title='bbox 244 3663 330 3720; x_wconf 85' lang='lat' dir='ltr'>quam</span> <span class='ocrx_word' id='word_1_329' title='bbox 359 3649 452 3706; x_wconf 85' lang='lat' dir='ltr'>sexies</span> <span class='ocrx_word' id='word_1_330' title='bbox 481 3664 498 3706; x_wconf 89' lang='lat' dir='ltr'>a</span> <span class='ocrx_word' id='word_1_331' title='bbox 524 3652 612 3720; x_wconf 89' lang='lat' dir='ltr'>poeta</span> <span class='ocrx_word' id='word_1_332' title='bbox 639 3644 770 3706; x_wconf 89' lang='lat' dir='ltr'>adhibita</span> <span class='ocrx_word' id='word_1_333' title='bbox 800 3649 846 3702; x_wconf 89' lang='lat' dir='ltr'>est</span> <span class='ocrx_word' id='word_1_334' title='bbox 873 3644 904 3701; x_wconf 90' lang='grc'>10</span> <span class='ocrx_word' id='word_1_335' title='bbox 934 3643 1062 3717; x_wconf 86' lang='lat' dir='ltr'>epistolis</span> <span class='ocrx_word' id='word_1_336' title='bbox 1090 3659 1127 3700; x_wconf 89' lang='lat' dir='ltr'>ex</span> <span class='ocrx_word' id='word_1_337' title='bbox 1154 3639 1249 3700; x_wconf 91' lang='lat' dir='ltr'>Ponto</span> 
     </span>
     <span class='ocr_line' id='line_1_35' title="bbox 99 3739 1248 3819; baseline -0.009 -10"><span class='ocrx_word' id='word_1_338' title='bbox 99 3749 176 3809; x_wconf 87' lang='lat' dir='ltr'>datis</span> <span class='ocrx_word' id='word_1_339' title='bbox 205 3746 253 3814; x_wconf 84' lang='grc'>(01.</span> <span class='ocrx_word' id='word_1_340' title='bbox 284 3763 321 3806; x_wconf 89' lang='lat' dir='ltr'>ex</span> <span class='ocrx_word' id='word_1_341' title='bbox 348 3746 435 3806; x_wconf 83' lang='lat' dir='ltr'>Pont.</span> <span class='ocrx_word' id='word_1_342' title='bbox 464 3747 487 3819; x_wconf 93' lang='grc' dir='ltr'>Ι,</span> <span class='ocrx_word' id='word_1_343' title='bbox 518 3751 545 3819; x_wconf 95' lang='grc'>1,</span> <span class='ocrx_word' id='word_1_344' title='bbox 570 3749 619 3806; x_wconf 92' lang='grc'>66.</span> <span class='ocrx_word' id='word_1_345' title='bbox 641 3747 670 3819; x_wconf 92' lang='grc'>8,</span> <span class='ocrx_word' id='word_1_346' title='bbox 692 3745 808 3804; x_wconf 85' lang='grc'>2040.</span> <span class='ocrx_word' id='word_1_347' title='bbox 851 3743 903 3814; x_wconf 90' lang='grc' dir='ltr'>ΙΠ,</span> <span class='ocrx_word' id='word_1_348' title='bbox 927 3743 956 3815; x_wconf 94' lang='grc'>5,</span> <span class='ocrx_word' id='word_1_349' title='bbox 980 3745 1029 3801; x_wconf 90' lang='grc'>40.</span> <span class='ocrx_word' id='word_1_350' title='bbox 1054 3743 1081 3808; x_wconf 90' lang='grc'>6,</span> <span class='ocrx_word' id='word_1_351' title='bbox 1105 3741 1154 3800; x_wconf 87' lang='grc'>46.</span> <span class='ocrx_word' id='word_1_352' title='bbox 1196 3739 1248 3813; x_wconf 91' lang='lat' dir='ltr'>IV,</span> 
     </span>
     <span class='ocr_line' id='line_1_36' title="bbox 101 3841 1250 3922; baseline -0.005 -16"><span class='ocrx_word' id='word_1_353' title='bbox 101 3852 129 3922; x_wconf 88' lang='lat'>9,</span> <span class='ocrx_word' id='word_1_354' title='bbox 154 3847 208 3920; x_wconf 85' lang='grc'>26)</span> <span class='ocrx_word' id='word_1_355' title='bbox 229 3853 259 3906; x_wconf 90' lang='grc'>01</span> <span class='ocrx_word' id='word_1_356' title='bbox 281 3848 309 3906; x_wconf 89' lang='grc'>10</span> <span class='ocrx_word' id='word_1_357' title='bbox 332 3853 376 3906; x_wconf 90' lang='grc'>101</span> <span class='ocrx_word' id='word_1_358' title='bbox 398 3845 518 3906; x_wconf 86' lang='lat' dir='ltr'>milibus</span> <span class='ocrx_word' id='word_1_359' title='bbox 534 3861 667 3906; x_wconf 86' lang='lat' dir='ltr'>versuum</span> <span class='ocrx_word' id='word_1_360' title='bbox 687 3846 752 3918; x_wconf 90' lang='lat' dir='ltr'>plus</span> <span class='ocrx_word' id='word_1_361' title='bbox 773 3845 863 3903; x_wconf 85' lang='lat' dir='ltr'>trium</span> <span class='ocrx_word' id='word_1_362' title='bbox 892 3841 1067 3917; x_wconf 86' lang='lat' dir='ltr'>syllabarum</span> <span class='ocrx_word' id='word_1_363' title='bbox 1087 3856 1171 3900; x_wconf 85' lang='lat' dir='ltr'>voces</span> <span class='ocrx_word' id='word_1_364' title='bbox 1192 3856 1250 3901; x_wconf 90' lang='lat' dir='ltr'>non</span> 
     </span>
     <span class='ocr_line' id='line_1_37' title="bbox 98 3939 1249 4022; baseline -0.009 -15"><span class='ocrx_word' id='word_1_365' title='bbox 98 3950 198 4022; x_wconf 87' lang='lat' dir='ltr'>plures</span> <span class='ocrx_word' id='word_1_366' title='bbox 226 3948 298 4022; x_wconf 84' lang='lat' dir='ltr'>legis</span> <span class='ocrx_word' id='word_1_367' title='bbox 327 3949 411 4021; x_wconf 85' lang='lat' dir='ltr'>quam</span> <span class='ocrx_word' id='word_1_368' title='bbox 440 3947 480 4004; x_wconf 87' lang='grc'>42</span> <span class='ocrx_word' id='word_1_369' title='bbox 515 3947 544 4006; x_wconf 87' lang='grc'>10</span> <span class='ocrx_word' id='word_1_370' title='bbox 576 3947 825 4020; x_wconf 88' lang='lat' dir='ltr'>pentametromm</span> <span class='ocrx_word' id='word_1_371' title='bbox 862 3943 994 4002; x_wconf 86' lang='lat' dir='ltr'>clausulis</span> <span class='ocrx_word' id='word_1_372' title='bbox 1030 3939 1249 4014; x_wconf 87' lang='lat' dir='ltr'>tetrasyllabas:</span> 
     </span>
     <span class='ocr_line' id='line_1_38' title="bbox 99 4035 1249 4124; baseline -0.01 -16"><span class='ocrx_word' id='word_1_373' title='bbox 99 4047 346 4124; x_wconf 66' lang='grc'>11101136.</span> <span class='ocrx_word' id='word_1_374' title='bbox 378 4047 408 4124; x_wconf 86' lang='grc'>4,</span> <span class='ocrx_word' id='word_1_375' title='bbox 426 4035 561 4118; x_wconf 83' lang='grc'>2010,</span> <span class='ocrx_word' id='word_1_376' title='bbox 586 4047 634 4107; x_wconf 91' lang='grc'>34.</span> <span class='ocrx_word' id='word_1_377' title='bbox 677 4045 721 4112; x_wconf 90' lang='grc' dir='ltr'>ΙΙ,</span> <span class='ocrx_word' id='word_1_378' title='bbox 747 4045 816 4102; x_wconf 87' lang='grc'>232.</span> <span class='ocrx_word' id='word_1_379' title='bbox 833 4043 903 4101; x_wconf 91' lang='grc'>416.</span> <span class='ocrx_word' id='word_1_380' title='bbox 953 4039 1011 4112; x_wconf 91' lang='lat' dir='ltr'>III,</span> <span class='ocrx_word' id='word_1_381' title='bbox 1036 4039 1064 4113; x_wconf 91' lang='lat'>5,</span> <span class='ocrx_word' id='word_1_382' title='bbox 1088 4041 1136 4098; x_wconf 94' lang='grc'>40.</span> <span class='ocrx_word' id='word_1_383' title='bbox 1168 4043 1195 4112; x_wconf 89' lang='grc'>9,</span> <span class='ocrx_word' id='word_1_384' title='bbox 1219 4041 1249 4096; x_wconf 91' lang='grc'>2.</span> 
     </span>
    </p>
   </div>
   <div class='ocr_carea' id='block_1_3' title="bbox 102 4118 1365 4224">
    <p class='ocr_par' dir='ltr' id='par_1_5' title="bbox 102 4118 1365 4224">
     <span class='ocr_line' id='line_1_39' title="bbox 102 4118 1365 4224; baseline -0.007 -18"><span class='ocrx_word' id='word_1_385' title='bbox 102 4141 1249 4224; x_wconf 55' lang='lat' dir='ltr'>rmumawmumemmmmm</span> <span class='ocrx_word' id='word_1_386' title='bbox 1360 4118 1365 4128; x_wconf 85' lang='grc'><em>“</em></span> 
     </span>
    </p>
   </div>
   <div class='ocr_carea' id='block_1_4' title="bbox 99 4239 1247 4325">
    <p class='ocr_par' dir='ltr' id='par_1_6' title="bbox 99 4239 1247 4325">
     <span class='ocr_line' id='line_1_40' title="bbox 99 4239 1247 4325; baseline -0.012 -17"><span class='ocrx_word' id='word_1_387' title='bbox 99 4239 1247 4325; x_wconf 48' lang='grc'>0000000000.00000000</span> 
     </span>
    </p>
   </div>
   <div class='ocr_carea' id='block_1_5' title="bbox 0 0 1458 4838">
    <p class='ocr_par' dir='ltr' id='par_1_7' title="bbox 0 0 1458 4838">
     <span class='ocr_line' id='line_1_41' title="bbox 0 0 1458 4838; baseline 0 0"><span class='ocrx_word' id='word_1_388' title='bbox 0 0 1458 4838; x_wconf 95' lang='lat' dir='ltr'> </span> 
     </span>
    </p>
   </div>
  </div>
 </body>
</html>
