2894 4838
598 775 741 883 ‘Cornu
764 780 880 865 VIII.

257 971 303 1032 Ex
329 974 382 1046 eis,
413 987 486 1046 quos
507 985 596 1046 supro
627 974 832 1047 congessimus,
865 975 989 1047 apparet
1020 965 1224 1046 ,Lygdamum‘
1259 985 1323 1030 non

172 1072 278 1147 ubiqus
299 1073 441 1134 serviliter
463 1072 558 1132 alisna
580 1072 723 1132 imitatum
738 1090 801 1133 esse
818 1073 945 1148 ingenis,
967 1071 1019 1131 ssd
1032 1085 1168 1144 magnum
1182 1069 1335 1154 ‹liotionis¹

172 1174 287 1248 ooplam
312 1174 406 1246 ipsum
433 1186 555 1231 norosso
585 1179 614 1232 st
641 1172 711 1233 liost
739 1189 799 1233 non
827 1174 924 1233 omnia
945 1186 1036 1244 usque
1057 1169 1130 1229 bene
1152 1170 1322 1242 excogitato
1369 1204 1375 1212 ·

173 1271 239 1344 sint,
266 1272 328 1331 reri
353 1275 458 1345 postne
486 1271 633 1346 ingenium
654 1274 685 1332 in
706 1288 742 1333 eo
762 1273 897 1346 infuiss03
930 1271 1047 1331 eosdem
1075 1285 1141 1328 eum
1161 1267 1320 1328 absolvisse

173 1370 343 1430 eruditionis
367 1370 592 1445 disciplinasque
624 1373 730 1449 gradus
759 1386 830 1446 quos
862 1369 1005 1441 Ovidium,
1033 1369 1148 1429 eosdem
1171 1383 1238 1427 eum
1258 1374 1322 1428 stu·

172 1469 252 1532 diose
284 1471 389 1546 legisse
419 1477 521 1546 poetas
552 1469 714 1548 (Catullum
745 1471 907 1546 Vergilium
937 1469 1094 1541 Tibullum)
1127 1484 1320 1543 magnamque

172 1571 250 1630 inter
270 1575 424 1646 utrumque
446 1575 475 1630 et
496 1573 704 1631 sententiarum
726 1575 755 1630 et
769 1572 910 1630 orationis
932 1569 1065 1643 poetioso
1079 1584 1143 1628 esse
1158 1569 1320 1630 communi·

171 1674 263 1729 tatem
288 1685 323 1729 ao
350 1671 398 1730 vix
426 1671 515 1730 ullum
536 1686 604 1730 usus
625 1669 760 1744 loquendi
781 1669 938 1730 discrimen
958 1670 1034 1728 inter
1055 1685 1105 1728 sos
1127 1669 1319 1730 intercedere.

171 1769 275 1844 Itaque
304 1768 436 1832 Ovidium
464 1770 586 1830 eundem
614 1785 676 1829 esse
708 1773 796 1843 atquo
823 1768 1003 1844 Lygdamum
1037 1769 1224 1842 suspioamur.
1279 1768 1320 1828 Ar

174 1869 292 1930 ubinam
313 1871 457 1932 invenitur
478 1871 557 1932 celer
577 1871 626 1931 ille
647 1868 800 1943 rhythmus
821 1885 956 1930 versuum
976 1867 1192 1940 Ouidianorum,
1215 1867 1319 1942 quibus

175 1969 354 2030 audientium
382 1985 469 2030 aures
497 1967 698 2030 delectantur?
731 1967 781 2028 ubi
808 1969 859 2028 illa
887 1967 1075 2028 formularum
1106 1967 1320 2028 rhetoricarum

174 2068 300 2140 ubertas,
333 2068 435 2141 quibus
464 2068 577 2141 reliquo
605 2067 699 2128 Ovidii
727 2067 857 2127 oarmiua
884 2065 1056 2126 abundanti
1094 2066 1144 2125 ubi
1174 2067 1322 2142 elegantia

176 2168 226 2230 illa
256 2174 287 2228 et
311 2167 444 2241 facilitas,
479 2167 556 2243 quod
587 2184 687 2228 rorum
708 2166 802 2227 Ovidii
831 2167 976 2226 numerosi
1003 2166 1210 2239 patrimonium
1232 2164 1321 2228 fuisso

175 2267 311 2329 videtur?
353 2267 457 2342 Audio,
491 2269 541 2329 sed
573 2268 645 2328 lusos
673 2282 784 2326 msonm
811 2271 940 2341 reputes:
985 2265 1068 2339 Quod
1099 2267 1253 2340 uuicuique
1286 2284 1321 2328 sx

175 2368 269 2442 poetis
291 2369 424 2429 sooidsrs
447 2368 530 2441 solet,
554 2371 595 2440 ut,
619 2367 746 2443 quamvis
767 2372 873 2426 natura
893 2367 957 2438 ipsa
976 2366 1154 2426 adoormino
1169 2365 1322 2426 condenda

176 2474 263 2526 natus
279 2483 342 2527 osso
356 2467 497 2539 videatur,
522 2482 580 2524 uon
602 2468 701 2524 statim
715 2465 820 2525 bonam
835 2463 949 2540 frugem
967 2464 1043 2526 forat
1056 2482 1149 2538 nequo
1164 2466 1220 2524 nisi
1238 2482 1320 2526 exer·

177 2565 268 2626 sendo
291 2570 320 2624 st
341 2563 508 2625 meditando
521 2563 731 2637 pulcherrimos
744 2549 863 2640 ingenii
876 2570 963 2638 atque
984 2566 1089 2625 indolis
1104 2562 1190 2624 flores
1211 2566 1321 2641 mittat,

175 2666 206 2726 id
228 2663 329 2726 Ovidio
349 2680 463 2740 quoque
485 2661 600 2724 videtur
622 2662 769 2726 oooidisse.
814 2662 901 2725 Cuius
922 2670 955 2725 ut
975 2666 1069 2738 prima
1089 2663 1208 2739 puerilis
1231 2664 1322 2725 studii

175 2767 332 2840 speoimiua
359 2782 395 2825 ox
423 2765 564 2826 oblivione
593 2771 623 2825 ot
643 2765 765 2825 interitu
794 2766 872 2825 salva
900 2765 1066 2838 eraderent,
1100 2781 1165 2824 oum
1196 2764 1322 2840 benigna

176 2867 340 2939 permiserit
353 2865 491 2938 Fortuna,
515 2866 614 2926 statim
635 2867 666 2924 in
687 2881 722 2925 so
736 2870 858 2938 peooant
876 2864 932 2924 viri
944 2865 1031 2936 dooti‚
1055 2864 1131 2937 quod
1144 2865 1228 2923 irrito
1243 2879 1322 2923 oom-

177 2966 301 3038 paramli
320 2967 435 3025 rationo
456 2965 501 3025 usi
521 2965 574 3024 illo
595 2966 724 3025 oormino
752 2963 815 3024 sum
837 2965 873 3024 iis
895 2970 1071 3038 comparant,
1104 2979 1178 3038 quas
1198 2965 1321 3023 moxime

176 3065 276 3125 limata
299 3070 328 3124 ot
350 3063 465 3125 adultae
487 3061 691 3136 perfectaeque
711 3064 784 3122 artis
806 3060 931 3124 artificia
952 3080 1015 3125 ssss
1036 3065 1112 3124 inter
1134 3077 1232 3124 omnes
1255 3079 1321 3123 oou-

177 3167 245 3238 stot,
268 3179 331 3224 oum
351 3160 509 3223 Amoribus
533 3166 563 3221 ot
584 3177 650 3221 oum
671 3162 744 3221 Arte
766 3163 916 3224 amatoria
959 3164 1051 3236 Quum
1071 3163 1145 3222 folsa
1158 3163 1231 3222 haeo
1245 3163 1322 3220 ratio

176 3266 224 3344 sit,
247 3279 335 3337 supro
357 3262 557 3322 demonstrare
578 3266 699 3324 conatus
721 3279 792 3322 sum.
836 3261 893 3324 Ssd
914 3281 950 3324 ns
973 3280 1039 3323 onm
1059 3262 1235 3324 Heroidlbus
1259 3263 1321 3335 qui·

177 3365 254 3436 dem,
284 3377 406 3436 quarum
435 3363 590 3422 maximnm
610 3368 725 3436 partem
752 3364 847 3435 prima
874 3364 1022 3424 iuventute
1044 3363 1236 3437 compositam
1259 3375 1323 3420 esso

174 3453 288 3538 puto²);
321 3463 373 3522 has
402 3463 511 3537 elegias
533 3479 703 3536 oomparars
724 3464 801 3529 licet,
823 3477 889 3522 onm
910 3463 976 3523 illas
997 3462 1105 3537 publici
1126 3443 1324 3520 iuris'auotor

174 3560 278 3624 fenorit
306 3562 463 3638 dignasque
495 3563 648 3635 putaverit,
683 3578 755 3637 quas
784 3562 946 3634 ederentur,
979 3563 1028 3622 sed
1049 3561 1120 3622 libri
1141 3553 1320 3634 ‚Tibullianl‘

176 3662 256 3722 tertii
278 3662 437 3722 carminum
458 3661 543 3734 quasi
556 3662 680 3721 ineuntis
692 3660 903 3727 adulescentiae
916 3666 1080 3722 erratorum
1094 3675 1187 3734 pasus
1202 3673 1322 3732 prorsus

179 3833 242 3842 0—-

246 3920 266 3990 ¹)
286 3922 339 3974 Cir.
358 3929 449 3976 tumou
467 3936 536 3988 quse
554 3921 662 3990 soripsit
680 3921 713 3973 Α.
731 3922 822 3973 Rissor
858 3920 912 3989 ,ioh
938 3921 1046 3988 spreobo
1074 3921 1132 3973 hier
1157 3916 1323 3970 siustwoilen

175 4025 225 4060 nur
243 4007 310 4060 lrurn
329 4009 373 4059 die
390 4014 553 4075 sermutung
572 4023 628 4074 uus,
658 4007 719 4060 dass
737 4007 824 4074 siuigo
849 4005 896 4057 dor
915 4005 1044 4060 beroideu
1065 4021 1112 4058 eus
1132 3999 1217 4056 Ovids
1235 4007 1324 4072 sporn

176 4095 226 4146 usit
253 4097 382 4146 stammou
411 4092 562 4163 (viollsiobt
586 4095 659 4146 einer
684 4093 795 4144 aweitsn
814 4094 932 4160 ausgebs
951 4093 1092 4161 bsigeiiigt
1111 4089 1240 4158 wurdsu),
1268 4086 1325 4140 und

176 4181 236 4234 dass
256 4180 315 4232 sioh
333 4179 378 4234 bei
397 4179 482 4234 dlsssr
499 4180 631 4233 snnsbme
650 4181 718 4233 allos
738 4177 876 4248 erledigeu
894 4179 971 4243 wiri,
997 4195 1052 4232 rrae
1070 4179 1142 4230 riele
1162 4193 1197 4228 an
1214 4174 1326 4228 unsoht·
1444 4141 1445 4208 i

176 4265 231 4320 heit
249 4265 387 4320 derselbou
404 4264 521 4332 gloubon
539 4265 611 4319 lisss‘
632 4263 740 4334 (Annol.
758 4265 851 4332 philol.
872 4269 938 4319 1874
956 4283 982 4333 p.
1001 4265 1072 4331 tos).
