2894 4838
672 750 806 842 Carnu
833 755 885 839 Π.

228 963 231 966 ·
292 945 336 1006 Ac
363 947 486 1020 primum
517 946 632 1018 quidem
660 947 690 1005 in
719 947 865 1008 codicibus
897 949 1029 1008 omnibus
1049 963 1102 1008 nec
1123 947 1214 1007 minus
1235 947 1265 1007 in
1286 963 1347 1019 ‚ex-

211 1045 329 1120 cerptis‘
351 1046 424 1106 liber
445 1046 547 1104 tertius
568 1045 676 1104 Tibulli
698 1047 812 1106 nomine
833 1046 1039 1108 circumfertur.

293 1143 424 1218 Quinque
446 1149 540 1205 autem
562 1144 628 1204 libri
657 1147 737 1204 tertii
759 1148 934 1207 carminibus
957 1147 1001 1219 (1.
1024 1151 1052 1207 2.
1078 1148 1105 1206 3.
1129 1150 1157 1206 4.
1180 1147 1211 1219 6)
1240 1147 1348 1207 descri·
1438 1150 1439 1228 l

205 1247 285 1307 bitur
299 1244 441 1320 Lygdemi
463 1248 510 1319 qui
531 1250 649 1305 vocatur
662 1262 752 1318 amor,
770 1263 826 1320 quo
842 1248 984 1308 Neaeram
998 1246 1138 1323 quandam
1154 1246 1346 1334 amplectitur,

208 1347 308 1422 quinto
329 1344 423 1418 elegia
443 1345 572 1405 continet
592 1345 743 1418 epistolam
764 1362 782 1404 0
803 1353 889 1421 poeta
910 1354 1029 1422 aegroto
1052 1347 1090 1407 ad
1112 1347 1217 1406 amicos
1240 1348 1345 1424 datam.

290 1445 335 1504 De
359 1460 416 1518 qua
443 1445 536 1519 elegia
564 1444 627 1518 (III,
650 1441 683 1518 b)
706 1447 828 1518 primum
856 1463 982 1522 agamus,
1003 1463 1066 1506 cum
1089 1463 1124 1507 ex
1144 1463 1170 1506 r.
1195 1447 1233 1504 17
1255 1449 1345 1506 0118
1439 1510 1440 1526 χ

207 1545 290 1605 huius
311 1545 447 1605 carminis
468 1560 573 1618 magna
596 1561 665 1618 pars
687 1548 861 1620 quaestionis
881 1552 960 1608 recta
988 1547 1183 1608 instituendae
1212 1547 1345 1620 pendeat.

209 1647 333 1718 Scripsit
359 1651 455 1705 001001
484 1651 571 1720 poeta
597 1647 672 1705 hanc
702 1647 823 1722 elegiam
848 1648 893 1706 vel
923 1649 1074 1722 epistolam
1110 1647 1148 1707 ud
1183 1647 1288 1708 amicos
1313 1649 1343 1706 in

209 1747 291 1820 aquis
312 1745 483 1819 quibusdem
504 1745 642 1806 Etruriae
665 1743 826 1826 (5,1.29)
848 1748 995 1821 degentes,
1018 1748 1085 1806 dum
1106 1748 1168 1820 ipse
1189 1765 1225 1807 ex
1245 1747 1345 1807 morbo

209 1848 338 1923 grauiter
358 1846 494 1906 laborans
514 1848 572 1906 iam
593 1852 806 1923 praematuram
827 1854 950 1909 mortem
970 1849 1120 1906 imminere
1141 1852 1233 1924 putat.
1274 1847 1345 1908 Pre·
1440 1849 1441 1856 ’

207 1947 287 2008 cibus
307 1948 396 2021 igitur
418 1947 486 2006 deos
507 1949 650 2019 implorat,
674 1953 707 2006 ut
720 1948 774 2007 sibi
788 1950 907 2025 propitii
920 1955 1051 2022 parcant,
1068 1950 1115 2021 qui
1129 1965 1182 2008 nec
1195 1951 1346 2026 sacrilegio

212 2063 306 2121 neque
328 2047 384 2106 alio
407 2046 514 2106 scelere
540 2046 598 2105 ullo
628 2052 750 2107 mortem
771 2055 984 2121 praematuram
1006 2051 1153 2108 meruerit.
1197 2051 1273 2108 Tum
1293 2051 1347 2110 ite·
1441 2106 1442 2128 ,

171 2207 176 2220 ,
207 2166 271 2208 1001
291 2149 398 2208 amicos
421 2146 548 2221 appellat
570 2163 674 2220 eosque
694 2147 836 2219 hortatm·,
858 2154 891 2208 ut
909 2166 962 2221 pro
984 2148 1076 2208 salute
1098 2164 1150 2208 sua
1171 2149 1225 2208 diis
1245 2148 1347 2209 inferis
1441 2139 1442 2232 J

207 2265 290 2310 sacre
310 2246 426 2308 laniant.

190 2336 194 2348 '
292 2347 361 2419 Quis
382 2346 470 2405 fuerit
489 2353 576 2420 poeta
596 2354 742 2420 aegrotus,
766 2366 857 2422 neque
878 2367 913 2408 ex
935 2351 1059 2410 carmine
1080 2352 1152 2425 ipso,
1168 2352 1266 2425 inquo
1282 2367 1346 2409 cum

209 2450 339 2508 iuuenem
361 2463 391 2504 se
411 2446 538 2519 appellet
563 2442 611 2518 (ci.
632 2462 658 2503 v.
683 2446 710 2503 6.
735 2447 772 2503 15
796 2461 837 2519 sq.
863 2450 900 2504 19
923 2449 991 2520 00),
1014 2449 1124 2508 nullum
1153 2465 1256 2510 nomen
1277 2467 1347 2524 pro·

207 2549 300 2624 prium
322 2546 412 2621 addit,
433 2560 525 2618 neque
546 2545 660 2604 aliunde
681 2545 796 2603 scimus.
832 2545 969 2604 Attamen
989 2561 1078 2620 usque
1101 2547 1137 2606 ad
1158 2546 1213 2606 1100
1234 2553 1348 2622 tempus

207 2649 244 2718 ei,
273 2649 322 2721 qui
351 2644 466 2706 Tibullo
495 2644 600 2704 librum
631 2645 746 2704 tertium
776 2645 937 2722 adsignant,
959 2645 1011 2705 sub
1040 2646 1090 2706 illo
1116 2652 1235 2720 aegroto
1258 2653 1346 2724 poeta

210 2748 355 2809 Tibullum
383 2747 475 2806 101010
501 2750 613 2820 putant,
643 2747 691 2818 qui
719 2762 783 2805 cum
809 2745 864 2805 hac
893 2747 1037 2806 sententia
1065 2747 1244 2821 discrepant,
1266 2748 1346 2822 Lyg-

207 2849 332 2908 demum.

291 2949 334 3007 Ac
355 2948 477 3019 primum
499 2946 615 3018 quidem
638 2949 740 3004 contra
761 2945 905 3005 Tibullum
926 2945 1008 3006 huius
1037 2949 1172 3007 carminis
1198 2955 1345 3008 auctorem

206 3049 416 3110 1010001701
446 3047 482 3104 18
510 3044 636 3104 clamere
663 3044 719 3103 viri
738 3044 814 3104 docti
841 3045 946 3104 dudum
969 3046 1186 3106 adnotaverunt.
1236 3048 1346 3108 Versus

207 3156 305 3210 autem
326 3152 392 3207 sunt
412 3147 457 3205 hi:

354 3262 506 3329 Natalem
524 3264 628 3348 primo
650 3274 790 3326 nostram
812 3261 915 3327 uidere
933 3277 1088 3348 parentes,

398 3363 475 3429 (lum
497 3362 610 3428 cecidit
629 3363 697 3444 fato
719 3363 824 3428 consul
844 3376 970 3450 uterque
987 3365 1072 3449 puri.
1080 3371 1105 3443 ¹)

297 3606 316 3676 ¹)
334 3609 367 3658 In
387 3606 505 3659 versibus
524 3607 639 3658 citandis
657 3606 699 3656 his
717 3621 781 3656 usus
799 3621 856 3657 eum
875 3604 1049 3657 editionibus:

295 3697 326 3748 T.
344 3696 457 3746 Lucreti
483 3694 544 3746 Ceri
568 3692 601 3745 de
625 3709 713 3744 rerum
736 3697 830 3745 nature
853 3693 915 3743 libri
942 3707 997 3744 sex.
1021 3693 1131 3746 Carolus
1160 3695 1346 3746 Leohmenuue

207 3783 340 3836 recensuit
358 3788 385 3834 ct
402 3780 563 3833 emendavit.
599 3779 715 3831 Berolini
734 3780 810 3830 1860.

295 3869 392 3921 Catulli
410 3866 515 3920 Tibulli
534 3867 667 3933 Propertii
686 3868 804 3917 00101100
821 3867 953 3916 recensuit
961 3873 988 3917 01
999 3869 1132 3932 praefatus
1151 3871 1191 3918 est
1208 3867 1344 3920 Lucienus

208 3955 329 4007 Mueller.
365 3956 473 4021 Lipsiae
493 3954 568 4005 1870.
793 3997 795 4001 ,
849 3945 881 3987 l

294 4043 325 4094 P.
343 4042 455 4110 Vergilii
475 4041 594 4092 Maronis
612 4055 692 4106 opere
709 4039 841 4092 recensuit
859 4039 922 4092 Otto
937 4039 1064 4094 Ribbeck.
1083 4039 1344 4106 Liparenses-oe.

296 4130 327 4193 Q.
346 4129 454 4180 Horatii
475 4128 567 4179 Flacci
592 4129 720 4179 carmine.
756 4127 919 4194 Recognovit
942 4133 969 4179 et
991 4126 1124 4193 prestetur
1147 4131 1187 4177 est
1208 4127 1344 4179 Lucienus

206 4217 329 4270 Mueller.
364 4216 471 4283 Lipsiee
491 4216 569 4268 1811.

294 4303 324 4355 Ρ.
343 4303 436 4356 Ovidii
454 4303 566 4354 Nasonis
585 4302 703 4354 carmine
718 4299 960 4353 edidltAlcxender
972 4299 1059 4352 Riese.
1078 4299 1186 4365 Lipslee
1200 4299 1345 4351 tert-tt.
