<?xml version="1.0" encoding="UTF-8"?>
<!DOCTYPE html PUBLIC "-//W3C//DTD XHTML 1.0 Transitional//EN"
    "http://www.w3.org/TR/xhtml1/DTD/xhtml1-transitional.dtd">
<html xmlns="http://www.w3.org/1999/xhtml" xml:lang="en" lang="en">
 <head>
  <title>
</title>
<meta http-equiv="Content-Type" content="text/html;charset=utf-8" />
  <meta name='ocr-system' content='tesseract 3.04.00' />
  <meta name='ocr-capabilities' content='ocr_page ocr_carea ocr_par ocr_line ocrx_word'/>
</head>
<body>
  <div class='ocr_page' id='page_1' title='image "./delibritertiica00kleegoog_0050.png"; bbox 0 0 2894 4838; ppageno 0'>
   <div class='ocr_carea' id='block_1_1' title="bbox 604 252 753 340">
    <p class='ocr_par' dir='ltr' id='par_1_1' title="bbox 604 252 753 340">
     <span class='ocr_line' id='line_1_1' title="bbox 604 252 753 340; baseline 0 -33"><span class='ocrx_word' id='word_1_1' title='bbox 604 252 753 340; x_wconf 44' lang='lat' dir='ltr'>A</span> 
     </span>
    </p>
   </div>
   <div class='ocr_carea' id='block_1_2' title="bbox 92 448 1325 3997">
    <p class='ocr_par' dir='ltr' id='par_1_2' title="bbox 92 448 1325 2586">
     <span class='ocr_line' id='line_1_2' title="bbox 92 448 1251 536; baseline -0.003 -22"><span class='ocrx_word' id='word_1_2' title='bbox 92 457 143 514; x_wconf 89' lang='lat' dir='ltr'>Im</span> <span class='ocrx_word' id='word_1_3' title='bbox 165 453 297 512; x_wconf 85' lang='lat' dir='ltr'>Verebar</span> <span class='ocrx_word' id='word_1_4' title='bbox 318 451 403 525; x_wconf 85' lang='lat' dir='ltr'>nupft</span> <span class='ocrx_word' id='word_1_5' title='bbox 424 450 484 509; x_wconf 90' lang='lat' dir='ltr'>ond</span> <span class='ocrx_word' id='word_1_6' title='bbox 506 455 586 509; x_wconf 84' lang='lat' dir='ltr'>tanat</span> <span class='ocrx_word' id='word_1_7' title='bbox 610 450 682 509; x_wconf 89' lang='lat' dir='ltr'>Ovid</span> <span class='ocrx_word' id='word_1_8' title='bbox 704 466 751 521; x_wconf 91' lang='lat' dir='ltr'>so,</span> <span class='ocrx_word' id='word_1_9' title='bbox 783 451 849 509; x_wconf 89' lang='lat' dir='ltr'>dass</span> <span class='ocrx_word' id='word_1_10' title='bbox 871 453 933 536; x_wconf 84' lang='lat' dir='ltr'>sein</span> <span class='ocrx_word' id='word_1_11' title='bbox 954 450 1140 527; x_wconf 84' lang='lat' dir='ltr'>Hexameter,</span> <span class='ocrx_word' id='word_1_12' title='bbox 1163 448 1251 512; x_wconf 89' lang='lat' dir='ltr'>selbst</span> 
     </span>
     <span class='ocr_line' id='line_1_3' title="bbox 93 549 1251 624; baseline -0.003 -11"><span class='ocrx_word' id='word_1_13' title='bbox 93 558 130 614; x_wconf 93' lang='lat' dir='ltr'>in</span> <span class='ocrx_word' id='word_1_14' title='bbox 144 555 202 612; x_wconf 89' lang='lat' dir='ltr'>den</span> <span class='ocrx_word' id='word_1_15' title='bbox 217 557 366 610; x_wconf 88' lang='lat' dir='ltr'>ernsteren</span> <span class='ocrx_word' id='word_1_16' title='bbox 382 549 554 624; x_wconf 86' lang='lat' dir='ltr'>Gedichten,</span> <span class='ocrx_word' id='word_1_17' title='bbox 577 549 633 608; x_wconf 89' lang='lat' dir='ltr'>den</span> <span class='ocrx_word' id='word_1_18' title='bbox 648 549 776 608; x_wconf 84' lang='lat' dir='ltr'>Tristior</span> <span class='ocrx_word' id='word_1_19' title='bbox 790 549 849 608; x_wconf 87' lang='lat' dir='ltr'>nod</span> <span class='ocrx_word' id='word_1_20' title='bbox 860 549 979 621; x_wconf 86' lang='lat' dir='ltr'>Fasten,</span> <span class='ocrx_word' id='word_1_21' title='bbox 1004 549 1126 609; x_wconf 87' lang='lat' dir='ltr'>beinahe</span> <span class='ocrx_word' id='word_1_22' title='bbox 1147 553 1177 608; x_wconf 91' lang='lat' dir='ltr'>in</span> <span class='ocrx_word' id='word_1_23' title='bbox 1199 552 1251 610; x_wconf 90' lang='lat' dir='ltr'>der</span> 
     </span>
     <span class='ocr_line' id='line_1_4' title="bbox 93 647 1250 721; baseline -0.003 -9"><span class='ocrx_word' id='word_1_24' title='bbox 93 651 203 712; x_wconf 78' lang='lat' dir='ltr'>Harae</span> <span class='ocrx_word' id='word_1_25' title='bbox 223 652 275 710; x_wconf 90' lang='lat' dir='ltr'>der</span> <span class='ocrx_word' id='word_1_26' title='bbox 298 649 391 709; x_wconf 88' lang='lat' dir='ltr'>Verse</span> <span class='ocrx_word' id='word_1_27' title='bbox 414 652 509 709; x_wconf 91' lang='lat' dir='ltr'>lauter</span> <span class='ocrx_word' id='word_1_28' title='bbox 530 647 674 721; x_wconf 88' lang='lat' dir='ltr'>Dactylen</span> <span class='ocrx_word' id='word_1_29' title='bbox 695 647 765 706; x_wconf 90' lang='lat' dir='ltr'>hat‘.</span> <span class='ocrx_word' id='word_1_30' title='bbox 808 648 887 708; x_wconf 90' lang='lat' dir='ltr'>Bene</span> <span class='ocrx_word' id='word_1_31' title='bbox 908 649 963 706; x_wconf 89' lang='lat' dir='ltr'>hoo</span> <span class='ocrx_word' id='word_1_32' title='bbox 984 656 1014 708; x_wconf 91' lang='lat' dir='ltr'>et</span> <span class='ocrx_word' id='word_1_33' title='bbox 1032 656 1112 708; x_wconf 90' lang='lat' dir='ltr'>reete</span> <span class='ocrx_word' id='word_1_34' title='bbox 1133 650 1250 708; x_wconf 89' lang='lat' dir='ltr'>dietum.</span> 
     </span>
     <span class='ocr_line' id='line_1_5' title="bbox 96 748 1251 823; baseline -0.003 -13"><span class='ocrx_word' id='word_1_35' title='bbox 96 751 164 810; x_wconf 85' lang='lat' dir='ltr'>Sed</span> <span class='ocrx_word' id='word_1_36' title='bbox 185 767 219 808; x_wconf 87' lang='lat' dir='ltr'>ex</span> <span class='ocrx_word' id='word_1_37' title='bbox 250 749 353 823; x_wconf 90' lang='lat' dir='ltr'>quibus</span> <span class='ocrx_word' id='word_1_38' title='bbox 380 749 474 808; x_wconf 84' lang='lat' dir='ltr'>Ovidii</span> <span class='ocrx_word' id='word_1_39' title='bbox 502 748 677 807; x_wconf 76' lang='lat' dir='ltr'><strong>carminibus</strong></span> <span class='ocrx_word' id='word_1_40' title='bbox 702 749 775 806; x_wconf 91' lang='lat' dir='ltr'>haec</span> <span class='ocrx_word' id='word_1_41' title='bbox 803 748 968 807; x_wconf 86' lang='lat' dir='ltr'>discrimina</span> <span class='ocrx_word' id='word_1_42' title='bbox 996 751 1041 807; x_wconf 86' lang='lat' dir='ltr'>vir</span> <span class='ocrx_word' id='word_1_43' title='bbox 1069 749 1251 808; x_wconf 86' lang='lat' dir='ltr'>doctissimus</span> 
     </span>
     <span class='ocr_line' id='line_1_6' title="bbox 95 839 1251 923; baseline -0.001 -15"><span class='ocrx_word' id='word_1_44' title='bbox 95 839 260 923; x_wconf 78' lang='lat' dir='ltr'>repetiuit?</span> <span class='ocrx_word' id='word_1_45' title='bbox 303 850 351 908; x_wconf 86' lang='lat' dir='ltr'>Ex</span> <span class='ocrx_word' id='word_1_46' title='bbox 373 847 529 906; x_wconf 84' lang='lat' dir='ltr'>Amoribus</span> <span class='ocrx_word' id='word_1_47' title='bbox 559 853 589 905; x_wconf 91' lang='lat' dir='ltr'>et</span> <span class='ocrx_word' id='word_1_48' title='bbox 616 846 690 906; x_wconf 83' lang='lat' dir='ltr'>Arte</span> <span class='ocrx_word' id='word_1_49' title='bbox 720 848 873 922; x_wconf 88' lang='lat' dir='ltr'>amatoria,</span> <span class='ocrx_word' id='word_1_50' title='bbox 906 845 1009 920; x_wconf 90' lang='lat' dir='ltr'>quibus</span> <span class='ocrx_word' id='word_1_51' title='bbox 1037 849 1251 921; x_wconf 78' lang='lat' dir='ltr'>praestantiora</span> 
     </span>
     <span class='ocr_line' id='line_1_7' title="bbox 96 945 1251 1028; baseline -0.002 -20"><span class='ocrx_word' id='word_1_52' title='bbox 96 950 299 1010; x_wconf 85' lang='lat' dir='ltr'>accuratiosve</span> <span class='ocrx_word' id='word_1_53' title='bbox 313 949 415 1006; x_wconf 89' lang='lat' dir='ltr'>limata</span> <span class='ocrx_word' id='word_1_54' title='bbox 430 947 560 1005; x_wconf 89' lang='lat' dir='ltr'>carmina</span> <span class='ocrx_word' id='word_1_55' title='bbox 579 953 697 1006; x_wconf 85' lang='lat' dir='ltr'>exstant</span> <span class='ocrx_word' id='word_1_56' title='bbox 714 947 804 1004; x_wconf 91' lang='lat' dir='ltr'>nulla.</span> <span class='ocrx_word' id='word_1_57' title='bbox 827 945 957 1018; x_wconf 84' lang='lat' dir='ltr'>Gruppio</span> <span class='ocrx_word' id='word_1_58' title='bbox 971 951 1070 1028; x_wconf 74' lang='lat' dir='ltr'>autem</span> <span class='ocrx_word' id='word_1_59' title='bbox 1083 953 1162 1006; x_wconf 91' lang='lat' dir='ltr'>recte</span> <span class='ocrx_word' id='word_1_60' title='bbox 1177 947 1251 1006; x_wconf 90' lang='lat' dir='ltr'>haec</span> 
     </span>
     <span class='ocr_line' id='line_1_8' title="bbox 97 1044 1249 1120; baseline -0.001 -14"><span class='ocrx_word' id='word_1_61' title='bbox 97 1047 275 1120; x_wconf 85' lang='lat' dir='ltr'>exprobrari</span> <span class='ocrx_word' id='word_1_62' title='bbox 300 1045 437 1118; x_wconf 91' lang='lat' dir='ltr'>concedo,</span> <span class='ocrx_word' id='word_1_63' title='bbox 467 1046 603 1118; x_wconf 87' lang='lat' dir='ltr'>quoniam</span> <span class='ocrx_word' id='word_1_64' title='bbox 623 1044 660 1103; x_wconf 88' lang='lat' dir='ltr'>E.</span> <span class='ocrx_word' id='word_1_65' title='bbox 681 1047 716 1104; x_wconf 88' lang='lat' dir='ltr'>de</span> <span class='ocrx_word' id='word_1_66' title='bbox 741 1046 869 1105; x_wconf 86' lang='lat' dir='ltr'>Leutsoh</span> <span class='ocrx_word' id='word_1_67' title='bbox 897 1046 928 1103; x_wconf 94' lang='lat' dir='ltr'>in</span> <span class='ocrx_word' id='word_1_68' title='bbox 961 1046 1185 1118; x_wconf 89' lang='lat' dir='ltr'>encyelopaedia</span> <span class='ocrx_word' id='word_1_69' title='bbox 1212 1047 1249 1106; x_wconf 91' lang='lat' dir='ltr'>ab</span> 
     </span>
     <span class='ocr_line' id='line_1_9' title="bbox 92 1143 1268 1217; baseline -0.003 -11"><span class='ocrx_word' id='word_1_70' title='bbox 92 1146 225 1206; x_wconf 87' lang='lat' dir='ltr'>Erschio</span> <span class='ocrx_word' id='word_1_71' title='bbox 239 1152 269 1205; x_wconf 90' lang='lat' dir='ltr'>et</span> <span class='ocrx_word' id='word_1_72' title='bbox 284 1145 418 1204; x_wconf 83' lang='lat' dir='ltr'>Grubero</span> <span class='ocrx_word' id='word_1_73' title='bbox 440 1145 518 1204; x_wconf 89' lang='lat' dir='ltr'>edita</span> <span class='ocrx_word' id='word_1_74' title='bbox 539 1143 592 1214; x_wconf 93' lang='lat' dir='ltr'>III,</span> <span class='ocrx_word' id='word_1_75' title='bbox 616 1146 634 1201; x_wconf 87' lang='lat'>8</span> <span class='ocrx_word' id='word_1_76' title='bbox 649 1162 676 1217; x_wconf 93' lang='lat' dir='ltr'>p.</span> <span class='ocrx_word' id='word_1_77' title='bbox 692 1147 732 1202; x_wconf 88' lang='lat'>44</span> <span class='ocrx_word' id='word_1_78' title='bbox 747 1145 940 1204; x_wconf 86' lang='lat' dir='ltr'>verisimiliter</span> <span class='ocrx_word' id='word_1_79' title='bbox 953 1146 1077 1204; x_wconf 90' lang='lat' dir='ltr'>coniecit</span> <span class='ocrx_word' id='word_1_80' title='bbox 1091 1145 1248 1204; x_wconf 81' lang='lat' dir='ltr'>divortium</span> <span class='ocrx_word' id='word_1_81' title='bbox 1266 1165 1268 1173; x_wconf 41' lang='lat' dir='ltr'><em>s</em></span> 
     </span>
     <span class='ocr_line' id='line_1_10' title="bbox 94 1241 1248 1318; baseline -0.005 -12"><span class='ocrx_word' id='word_1_82' title='bbox 94 1247 195 1306; x_wconf 84' lang='lat' dir='ltr'>ovidii</span> <span class='ocrx_word' id='word_1_83' title='bbox 209 1245 387 1318; x_wconf 87' lang='lat' dir='ltr'>alteriusque</span> <span class='ocrx_word' id='word_1_84' title='bbox 408 1245 470 1304; x_wconf 92' lang='lat' dir='ltr'>eius</span> <span class='ocrx_word' id='word_1_85' title='bbox 491 1244 590 1303; x_wconf 86' lang='lat' dir='ltr'>uxoris</span> <span class='ocrx_word' id='word_1_86' title='bbox 611 1242 718 1303; x_wconf 88' lang='lat' dir='ltr'>factum</span> <span class='ocrx_word' id='word_1_87' title='bbox 739 1241 803 1302; x_wconf 89' lang='lat' dir='ltr'>csse</span> <span class='ocrx_word' id='word_1_88' title='bbox 825 1245 903 1303; x_wconf 91' lang='lat' dir='ltr'>inter</span> <span class='ocrx_word' id='word_1_89' title='bbox 923 1259 1030 1302; x_wconf 91' lang='lat' dir='ltr'>annum</span> <span class='ocrx_word' id='word_1_90' title='bbox 1052 1243 1248 1303; x_wconf 79' lang='grc'>4114011411.</span> 
     </span>
     <span class='ocr_line' id='line_1_11' title="bbox 98 1333 1246 1417; baseline -0.001 -15"><span class='ocrx_word' id='word_1_91' title='bbox 98 1349 143 1402; x_wconf 90' lang='lat'>14</span> <span class='ocrx_word' id='word_1_92' title='bbox 164 1349 194 1402; x_wconf 87' lang='lat' dir='ltr'>et</span> <span class='ocrx_word' id='word_1_93' title='bbox 215 1348 244 1415; x_wconf 87' lang='lat'>4,</span> <span class='ocrx_word' id='word_1_94' title='bbox 268 1359 324 1417; x_wconf 90' lang='lat' dir='ltr'>quo</span> <span class='ocrx_word' id='word_1_95' title='bbox 344 1349 474 1416; x_wconf 90' lang='lat' dir='ltr'>ternpore</span> <span class='ocrx_word' id='word_1_96' title='bbox 495 1343 618 1403; x_wconf 89' lang='lat' dir='ltr'>Amores</span> <span class='ocrx_word' id='word_1_97' title='bbox 637 1343 668 1402; x_wconf 92' lang='lat' dir='ltr'>in</span> <span class='ocrx_word' id='word_1_98' title='bbox 690 1345 814 1416; x_wconf 88' lang='lat' dir='ltr'>quinque</span> <span class='ocrx_word' id='word_1_99' title='bbox 835 1350 865 1400; x_wconf 93' lang='lat' dir='ltr'>et</span> <span class='ocrx_word' id='word_1_100' title='bbox 885 1333 986 1416; x_wconf 87' lang='lat' dir='ltr'>postea</span> <span class='ocrx_word' id='word_1_101' title='bbox 1007 1345 1037 1402; x_wconf 93' lang='lat' dir='ltr'>in</span> <span class='ocrx_word' id='word_1_102' title='bbox 1070 1350 1130 1402; x_wconf 91' lang='lat' dir='ltr'>tres</span> <span class='ocrx_word' id='word_1_103' title='bbox 1157 1343 1246 1402; x_wconf 86' lang='lat' dir='ltr'>libros</span> 
     </span>
     <span class='ocr_line' id='line_1_12' title="bbox 96 1443 1248 1518; baseline -0.005 -12"><span class='ocrx_word' id='word_1_104' title='bbox 96 1445 232 1518; x_wconf 73' lang='lat' dir='ltr'>dispositi</span> <span class='ocrx_word' id='word_1_105' title='bbox 253 1445 312 1502; x_wconf 88' lang='lat' dir='ltr'>iam</span> <span class='ocrx_word' id='word_1_106' title='bbox 334 1459 352 1501; x_wconf 93' lang='lat' dir='ltr'>a</span> <span class='ocrx_word' id='word_1_107' title='bbox 371 1448 460 1517; x_wconf 91' lang='lat' dir='ltr'>poeta</span> <span class='ocrx_word' id='word_1_108' title='bbox 481 1444 551 1502; x_wconf 91' lang='lat' dir='ltr'>editi</span> <span class='ocrx_word' id='word_1_109' title='bbox 573 1448 657 1502; x_wconf 89' lang='lat' dir='ltr'>erant</span> <span class='ocrx_word' id='word_1_110' title='bbox 678 1459 732 1501; x_wconf 90' lang='lat' dir='ltr'>nec</span> <span class='ocrx_word' id='word_1_111' title='bbox 757 1444 845 1502; x_wconf 88' lang='lat' dir='ltr'>multo</span> <span class='ocrx_word' id='word_1_112' title='bbox 874 1447 942 1515; x_wconf 92' lang='lat' dir='ltr'>post</span> <span class='ocrx_word' id='word_1_113' title='bbox 962 1443 1020 1500; x_wconf 85' lang='lat' dir='ltr'>Ara</span> <span class='ocrx_word' id='word_1_114' title='bbox 1048 1445 1191 1502; x_wconf 87' lang='lat' dir='ltr'>amatoria</span> <span class='ocrx_word' id='word_1_115' title='bbox 1218 1443 1248 1500; x_wconf 91' lang='lat' dir='ltr'>iu</span> 
     </span>
     <span class='ocr_line' id='line_1_13' title="bbox 95 1541 1304 1616; baseline -0.003 -14"><span class='ocrx_word' id='word_1_116' title='bbox 95 1543 246 1616; x_wconf 88' lang='lat' dir='ltr'>poblicum</span> <span class='ocrx_word' id='word_1_117' title='bbox 267 1541 386 1616; x_wconf 89' lang='lat' dir='ltr'>prodiit.</span> <span class='ocrx_word' id='word_1_118' title='bbox 416 1543 497 1613; x_wconf 81' lang='lat' dir='ltr'>Quod</span> <span class='ocrx_word' id='word_1_119' title='bbox 522 1543 546 1600; x_wconf 91' lang='lat' dir='ltr'>si</span> <span class='ocrx_word' id='word_1_120' title='bbox 568 1558 633 1600; x_wconf 91' lang='lat' dir='ltr'>oum</span> <span class='ocrx_word' id='word_1_121' title='bbox 654 1542 698 1600; x_wconf 92' lang='lat' dir='ltr'>bis</span> <span class='ocrx_word' id='word_1_122' title='bbox 719 1543 855 1616; x_wconf 89' lang='lat' dir='ltr'>operibus</span> <span class='ocrx_word' id='word_1_123' title='bbox 876 1559 986 1601; x_wconf 87' lang='lat' dir='ltr'>summa</span> <span class='ocrx_word' id='word_1_124' title='bbox 1007 1549 1071 1601; x_wconf 89' lang='lat' dir='ltr'>arte</span> <span class='ocrx_word' id='word_1_125' title='bbox 1092 1543 1249 1614; x_wconf 88' lang='lat' dir='ltr'>ultimaque</span> <span class='ocrx_word' id='word_1_126' title='bbox 1297 1553 1304 1562; x_wconf 69' lang='grc'><strong>’</strong></span> 
     </span>
     <span class='ocr_line' id='line_1_14' title="bbox 94 1641 1248 1716; baseline -0.003 -16"><span class='ocrx_word' id='word_1_127' title='bbox 94 1644 174 1700; x_wconf 91' lang='lat' dir='ltr'>lima</span> <span class='ocrx_word' id='word_1_128' title='bbox 203 1642 350 1715; x_wconf 85' lang='lat' dir='ltr'>perpolitis</span> <span class='ocrx_word' id='word_1_129' title='bbox 378 1642 447 1700; x_wconf 90' lang='lat' dir='ltr'>viles</span> <span class='ocrx_word' id='word_1_130' title='bbox 475 1641 542 1699; x_wconf 93' lang='lat' dir='ltr'>illas</span> <span class='ocrx_word' id='word_1_131' title='bbox 567 1648 598 1699; x_wconf 90' lang='lat' dir='ltr'>et</span> <span class='ocrx_word' id='word_1_132' title='bbox 627 1644 709 1714; x_wconf 90' lang='lat' dir='ltr'>quasi</span> <span class='ocrx_word' id='word_1_133' title='bbox 737 1641 850 1702; x_wconf 91' lang='lat' dir='ltr'>sobrias</span> <span class='ocrx_word' id='word_1_134' title='bbox 872 1641 1023 1716; x_wconf 80' lang='lat' dir='ltr'>Lygdami,</span> <span class='ocrx_word' id='word_1_135' title='bbox 1053 1642 1102 1714; x_wconf 89' lang='lat' dir='ltr'>qui</span> <span class='ocrx_word' id='word_1_136' title='bbox 1121 1647 1248 1710; x_wconf 82' lang='lat' dir='ltr'>vocatur,</span> 
     </span>
     <span class='ocr_line' id='line_1_15' title="bbox 96 1739 1246 1816; baseline -0.001 -17"><span class='ocrx_word' id='word_1_137' title='bbox 96 1741 209 1812; x_wconf 83' lang='lat' dir='ltr'>elegias</span> <span class='ocrx_word' id='word_1_138' title='bbox 223 1741 388 1816; x_wconf 89' lang='lat' dir='ltr'>contuleris,</span> <span class='ocrx_word' id='word_1_139' title='bbox 411 1757 469 1799; x_wconf 93' lang='lat' dir='ltr'>non</span> <span class='ocrx_word' id='word_1_140' title='bbox 490 1741 595 1797; x_wconf 91' lang='lat' dir='ltr'>mirum</span> <span class='ocrx_word' id='word_1_141' title='bbox 616 1740 767 1813; x_wconf 84' lang='lat' dir='ltr'>ridebitur,</span> <span class='ocrx_word' id='word_1_142' title='bbox 791 1743 867 1814; x_wconf 88' lang='lat' dir='ltr'>quod</span> <span class='ocrx_word' id='word_1_143' title='bbox 888 1739 1114 1813; x_wconf 84' lang='lat' dir='ltr'>inHertnbergii</span> <span class='ocrx_word' id='word_1_144' title='bbox 1131 1745 1246 1800; x_wconf 91' lang='lat' dir='ltr'>senten·</span> 
     </span>
     <span class='ocr_line' id='line_1_16' title="bbox 96 1838 1246 1922; baseline -0.002 -24"><span class='ocrx_word' id='word_1_145' title='bbox 96 1841 274 1898; x_wconf 78' lang='lat' dir='ltr'>tiam-multi</span> <span class='ocrx_word' id='word_1_146' title='bbox 296 1841 440 1899; x_wconf 90' lang='lat' dir='ltr'>abierunt.</span> <span class='ocrx_word' id='word_1_147' title='bbox 482 1839 605 1922; x_wconf 81' lang='lat' dir='ltr'>Accedit</span> <span class='ocrx_word' id='word_1_148' title='bbox 624 1838 699 1909; x_wconf 90' lang='lat' dir='ltr'>quod</span> <span class='ocrx_word' id='word_1_149' title='bbox 729 1855 765 1896; x_wconf 84' lang='lat' dir='ltr'>ca</span> <span class='ocrx_word' id='word_1_150' title='bbox 795 1839 922 1898; x_wconf 84' lang='lat' dir='ltr'>versibus</span> <span class='ocrx_word' id='word_1_151' title='bbox 945 1844 1065 1898; x_wconf 87' lang='grc'>61-71</span> <span class='ocrx_word' id='word_1_152' title='bbox 1089 1839 1246 1900; x_wconf 80' lang='grc'>4101111.</span> 
     </span>
     <span class='ocr_line' id='line_1_17' title="bbox 95 1936 1246 2011; baseline -0.002 -15"><span class='ocrx_word' id='word_1_153' title='bbox 95 1938 141 1996; x_wconf 83' lang='lat' dir='ltr'>IV</span> <span class='ocrx_word' id='word_1_154' title='bbox 165 1936 309 2004; x_wconf 77' lang='lat' dir='ltr'>rustum,</span> <span class='ocrx_word' id='word_1_155' title='bbox 332 1953 404 2010; x_wconf 91' lang='lat' dir='ltr'>quos</span> <span class='ocrx_word' id='word_1_156' title='bbox 425 1937 543 2010; x_wconf 85' lang='lat' dir='ltr'>Gruppc</span> <span class='ocrx_word' id='word_1_157' title='bbox 565 1938 603 1996; x_wconf 88' lang='lat' dir='ltr'>sd</span> <span class='ocrx_word' id='word_1_158' title='bbox 629 1953 708 1996; x_wconf 89' lang='lat' dir='ltr'>suam</span> <span class='ocrx_word' id='word_1_159' title='bbox 737 1939 931 1998; x_wconf 88' lang='lat' dir='ltr'>coniecturam</span> <span class='ocrx_word' id='word_1_160' title='bbox 952 1939 1123 1999; x_wconf 91' lang='lat' dir='ltr'>firmandam</span> <span class='ocrx_word' id='word_1_161' title='bbox 1151 1939 1246 2011; x_wconf 87' lang='lat' dir='ltr'>affert,</span> 
     </span>
     <span class='ocr_line' id='line_1_18' title="bbox 96 2035 1325 2112; baseline 0.002 -20"><span class='ocrx_word' id='word_1_162' title='bbox 96 2035 175 2092; x_wconf 91' lang='lat' dir='ltr'>nihil</span> <span class='ocrx_word' id='word_1_163' title='bbox 196 2035 270 2094; x_wconf 89' lang='lat' dir='ltr'>aliud</span> <span class='ocrx_word' id='word_1_164' title='bbox 292 2036 424 2096; x_wconf 91' lang='lat' dir='ltr'>concludi</span> <span class='ocrx_word' id='word_1_165' title='bbox 444 2043 550 2112; x_wconf 88' lang='lat' dir='ltr'>potest,</span> <span class='ocrx_word' id='word_1_166' title='bbox 574 2053 660 2109; x_wconf 89' lang='lat' dir='ltr'>quarn</span> <span class='ocrx_word' id='word_1_167' title='bbox 681 2037 758 2109; x_wconf 88' lang='lat' dir='ltr'>quod</span> <span class='ocrx_word' id='word_1_168' title='bbox 780 2036 896 2097; x_wconf 83' lang='lat' dir='ltr'>Ovidius</span> <span class='ocrx_word' id='word_1_169' title='bbox 917 2040 979 2112; x_wconf 91' lang='lat' dir='ltr'>ipse</span> <span class='ocrx_word' id='word_1_170' title='bbox 1000 2039 1070 2098; x_wconf 92' lang='lat' dir='ltr'>dicit</span> <span class='ocrx_word' id='word_1_171' title='bbox 1092 2038 1247 2099; x_wconf 88' lang='lat' dir='ltr'>secundam</span> <span class='ocrx_word' id='word_1_172' title='bbox 1316 2035 1325 2048; x_wconf 82' lang='lat'><em>&#39;</em></span> 
     </span>
     <span class='ocr_line' id='line_1_19' title="bbox 97 2134 1247 2209; baseline 0.003 -19"><span class='ocrx_word' id='word_1_173' title='bbox 97 2134 250 2206; x_wconf 80' lang='lat' dir='ltr'>coniugem</span> <span class='ocrx_word' id='word_1_174' title='bbox 270 2136 301 2193; x_wconf 94' lang='lat' dir='ltr'>in</span> <span class='ocrx_word' id='word_1_175' title='bbox 322 2140 388 2194; x_wconf 90' lang='lat' dir='ltr'>toro</span> <span class='ocrx_word' id='word_1_176' title='bbox 407 2152 465 2193; x_wconf 92' lang='lat' dir='ltr'>non</span> <span class='ocrx_word' id='word_1_177' title='bbox 486 2134 600 2194; x_wconf 92' lang='lat' dir='ltr'>firmam</span> <span class='ocrx_word' id='word_1_178' title='bbox 622 2135 722 2194; x_wconf 83' lang='lat' dir='ltr'>fuisse.</span> <span class='ocrx_word' id='word_1_179' title='bbox 756 2136 814 2195; x_wconf 86' lang='lat' dir='ltr'>Sed</span> <span class='ocrx_word' id='word_1_180' title='bbox 834 2154 920 2209; x_wconf 87' lang='lat' dir='ltr'>quam</span> <span class='ocrx_word' id='word_1_181' title='bbox 941 2137 978 2196; x_wconf 92' lang='lat' dir='ltr'>ob</span> <span class='ocrx_word' id='word_1_182' title='bbox 999 2154 1061 2196; x_wconf 91' lang='lat' dir='ltr'>rem</span> <span class='ocrx_word' id='word_1_183' title='bbox 1082 2154 1142 2196; x_wconf 92' lang='lat' dir='ltr'>non</span> <span class='ocrx_word' id='word_1_184' title='bbox 1163 2137 1247 2196; x_wconf 89' lang='lat' dir='ltr'>firma</span> 
     </span>
     <span class='ocr_line' id='line_1_20' title="bbox 96 2230 1247 2308; baseline 0.003 -20"><span class='ocrx_word' id='word_1_185' title='bbox 96 2230 196 2301; x_wconf 82' lang='lat' dir='ltr'>fuerit,</span> <span class='ocrx_word' id='word_1_186' title='bbox 225 2239 325 2292; x_wconf 89' lang='lat' dir='ltr'>utrum</span> <span class='ocrx_word' id='word_1_187' title='bbox 357 2239 460 2304; x_wconf 87' lang='lat' dir='ltr'>erepta</span> <span class='ocrx_word' id='word_1_188' title='bbox 486 2237 523 2292; x_wconf 91' lang='lat' dir='ltr'>sit</span> <span class='ocrx_word' id='word_1_189' title='bbox 544 2251 582 2292; x_wconf 90' lang='lat' dir='ltr'>an</span> <span class='ocrx_word' id='word_1_190' title='bbox 603 2237 661 2292; x_wconf 91' lang='lat' dir='ltr'>alio</span> <span class='ocrx_word' id='word_1_191' title='bbox 682 2237 767 2294; x_wconf 92' lang='lat' dir='ltr'>modo</span> <span class='ocrx_word' id='word_1_192' title='bbox 790 2235 942 2293; x_wconf 87' lang='lat' dir='ltr'>divortium</span> <span class='ocrx_word' id='word_1_193' title='bbox 964 2235 1071 2296; x_wconf 87' lang='lat' dir='ltr'>iactum</span> <span class='ocrx_word' id='word_1_194' title='bbox 1093 2237 1140 2306; x_wconf 91' lang='lat' dir='ltr'>sit,</span> <span class='ocrx_word' id='word_1_195' title='bbox 1160 2236 1247 2308; x_wconf 87' lang='lat' dir='ltr'>plane</span> 
     </span>
     <span class='ocr_line' id='line_1_21' title="bbox 95 2330 1246 2406; baseline 0.004 -19"><span class='ocrx_word' id='word_1_196' title='bbox 95 2331 280 2404; x_wconf 81' lang='lat' dir='ltr'>ignoramus.</span> <span class='ocrx_word' id='word_1_197' title='bbox 322 2330 413 2387; x_wconf 91' lang='lat' dir='ltr'>Immo</span> <span class='ocrx_word' id='word_1_198' title='bbox 433 2331 515 2404; x_wconf 82' lang='lat' dir='ltr'>louge</span> <span class='ocrx_word' id='word_1_199' title='bbox 543 2334 629 2392; x_wconf 89' lang='lat' dir='ltr'>aliter</span> <span class='ocrx_word' id='word_1_200' title='bbox 650 2351 696 2392; x_wconf 91' lang='lat' dir='ltr'>res</span> <span class='ocrx_word' id='word_1_201' title='bbox 724 2351 786 2394; x_wconf 90' lang='lat' dir='ltr'>sese</span> <span class='ocrx_word' id='word_1_202' title='bbox 816 2334 911 2406; x_wconf 89' lang='lat' dir='ltr'>habet,</span> <span class='ocrx_word' id='word_1_203' title='bbox 944 2336 968 2393; x_wconf 91' lang='lat' dir='ltr'>si</span> <span class='ocrx_word' id='word_1_204' title='bbox 990 2350 1101 2393; x_wconf 90' lang='lat' dir='ltr'>mecum</span> <span class='ocrx_word' id='word_1_205' title='bbox 1130 2332 1246 2406; x_wconf 79' lang='lat' dir='ltr'>elegias,</span> 
     </span>
     <span class='ocr_line' id='line_1_22' title="bbox 93 2423 1274 2508; baseline 0.003 -20"><span class='ocrx_word' id='word_1_206' title='bbox 93 2430 139 2488; x_wconf 85' lang='lat' dir='ltr'>de</span> <span class='ocrx_word' id='word_1_207' title='bbox 163 2427 267 2500; x_wconf 89' lang='lat' dir='ltr'>quibus</span> <span class='ocrx_word' id='word_1_208' title='bbox 288 2428 470 2502; x_wconf 88' lang='lat' dir='ltr'>disputamus,</span> <span class='ocrx_word' id='word_1_209' title='bbox 503 2433 682 2492; x_wconf 81' lang='lat' dir='ltr'>adulescenti</span> <span class='ocrx_word' id='word_1_210' title='bbox 713 2440 743 2494; x_wconf 87' lang='grc'>41</span> <span class='ocrx_word' id='word_1_211' title='bbox 775 2451 866 2508; x_wconf 88' lang='lat' dir='ltr'>paene</span> <span class='ocrx_word' id='word_1_212' title='bbox 894 2451 988 2507; x_wconf 90' lang='lat' dir='ltr'>puero</span> <span class='ocrx_word' id='word_1_213' title='bbox 1009 2434 1111 2494; x_wconf 81' lang='lat' dir='ltr'>Ouidio</span> <span class='ocrx_word' id='word_1_214' title='bbox 1138 2423 1274 2494; x_wconf 86' lang='lat' dir='ltr'>adsori·&#39;</span> 
     </span>
     <span class='ocr_line' id='line_1_23' title="bbox 99 2527 275 2586; baseline -0.011 0"><span class='ocrx_word' id='word_1_215' title='bbox 99 2529 175 2586; x_wconf 89' lang='lat' dir='ltr'>bere</span> <span class='ocrx_word' id='word_1_216' title='bbox 196 2527 275 2585; x_wconf 87' lang='lat' dir='ltr'>velis.</span> 
     </span>
    </p>

    <p class='ocr_par' dir='ltr' id='par_1_3' title="bbox 98 2628 1246 2904">
     <span class='ocr_line' id='line_1_24' title="bbox 184 2628 1246 2708; baseline 0.008 -23"><span class='ocrx_word' id='word_1_217' title='bbox 184 2628 228 2685; x_wconf 89' lang='lat' dir='ltr'>Ao</span> <span class='ocrx_word' id='word_1_218' title='bbox 259 2628 381 2699; x_wconf 81' lang='lat' dir='ltr'>primum</span> <span class='ocrx_word' id='word_1_219' title='bbox 415 2629 529 2699; x_wconf 89' lang='lat' dir='ltr'>quidem</span> <span class='ocrx_word' id='word_1_220' title='bbox 561 2632 627 2690; x_wconf 93' lang='lat' dir='ltr'>libri</span> <span class='ocrx_word' id='word_1_221' title='bbox 659 2636 738 2692; x_wconf 90' lang='lat' dir='ltr'>tertii</span> <span class='ocrx_word' id='word_1_222' title='bbox 773 2651 858 2692; x_wconf 90' lang='lat' dir='ltr'>usum</span> <span class='ocrx_word' id='word_1_223' title='bbox 886 2635 1020 2705; x_wconf 85' lang='lat' dir='ltr'>loquendi</span> <span class='ocrx_word' id='word_1_224' title='bbox 1047 2637 1246 2708; x_wconf 89' lang='lat' dir='ltr'>poetieamque</span> 
     </span>
     <span class='ocr_line' id='line_1_25' title="bbox 98 2727 1246 2805; baseline 0.003 -19"><span class='ocrx_word' id='word_1_225' title='bbox 98 2727 254 2786; x_wconf 84' lang='lat' dir='ltr'>dictionem</span> <span class='ocrx_word' id='word_1_226' title='bbox 275 2743 367 2798; x_wconf 87' lang='lat' dir='ltr'>prope</span> <span class='ocrx_word' id='word_1_227' title='bbox 388 2729 527 2787; x_wconf 87' lang='lat' dir='ltr'>accedere</span> <span class='ocrx_word' id='word_1_228' title='bbox 546 2731 585 2789; x_wconf 90' lang='lat' dir='ltr'>ad</span> <span class='ocrx_word' id='word_1_229' title='bbox 599 2731 729 2792; x_wconf 83' lang='lat' dir='ltr'>Ovidium</span> <span class='ocrx_word' id='word_1_230' title='bbox 754 2732 966 2791; x_wconf 85' lang='lat' dir='ltr'>demonstrabo.</span> <span class='ocrx_word' id='word_1_231' title='bbox 989 2733 1069 2802; x_wconf 80' lang='lat' dir='ltr'>Quae</span> <span class='ocrx_word' id='word_1_232' title='bbox 1083 2735 1129 2792; x_wconf 93' lang='lat' dir='ltr'>cui</span> <span class='ocrx_word' id='word_1_233' title='bbox 1143 2738 1246 2805; x_wconf 88' lang='lat' dir='ltr'>poetae</span> 
     </span>
     <span class='ocr_line' id='line_1_26' title="bbox 98 2811 1124 2904; baseline 0.006 -22"><span class='ocrx_word' id='word_1_234' title='bbox 98 2811 244 2884; x_wconf 84' lang='lat' dir='ltr'>simillima</span> <span class='ocrx_word' id='word_1_235' title='bbox 265 2829 332 2898; x_wconf 93' lang='lat' dir='ltr'>sint,</span> <span class='ocrx_word' id='word_1_236' title='bbox 354 2829 444 2887; x_wconf 87' lang='lat' dir='ltr'>miror</span> <span class='ocrx_word' id='word_1_237' title='bbox 465 2830 541 2901; x_wconf 91' lang='lat' dir='ltr'>quod</span> <span class='ocrx_word' id='word_1_238' title='bbox 563 2847 646 2890; x_wconf 92' lang='lat' dir='ltr'>nemo</span> <span class='ocrx_word' id='word_1_239' title='bbox 669 2832 763 2891; x_wconf 92' lang='lat' dir='ltr'>adhuc</span> <span class='ocrx_word' id='word_1_240' title='bbox 785 2831 947 2890; x_wconf 83' lang='lat' dir='ltr'>accuratius</span> <span class='ocrx_word' id='word_1_241' title='bbox 967 2831 1124 2904; x_wconf 83' lang='lat' dir='ltr'>indagavit.</span> 
     </span>
    </p>

    <p class='ocr_par' dir='ltr' id='par_1_4' title="bbox 94 2925 1267 3997">
     <span class='ocr_line' id='line_1_27' title="bbox 185 2925 1244 3004; baseline 0.008 -21"><span class='ocrx_word' id='word_1_242' title='bbox 185 2925 350 2985; x_wconf 88' lang='lat' dir='ltr'>Orationem</span> <span class='ocrx_word' id='word_1_243' title='bbox 378 2929 522 2999; x_wconf 87' lang='lat' dir='ltr'>poeticam</span> <span class='ocrx_word' id='word_1_244' title='bbox 548 2937 665 3003; x_wconf 88' lang='lat' dir='ltr'>praeter</span> <span class='ocrx_word' id='word_1_245' title='bbox 694 2937 807 2989; x_wconf 90' lang='lat' dir='ltr'>ceteros</span> <span class='ocrx_word' id='word_1_246' title='bbox 836 2931 959 3004; x_wconf 81' lang='lat' dir='ltr'>Augusti</span> <span class='ocrx_word' id='word_1_247' title='bbox 981 2935 1078 2990; x_wconf 90' lang='lat' dir='ltr'>aetate</span> <span class='ocrx_word' id='word_1_248' title='bbox 1100 2932 1244 3004; x_wconf 81' lang='lat' dir='ltr'>Vergilius</span> 
     </span>
     <span class='ocr_line' id='line_1_28' title="bbox 98 3025 1267 3102; baseline 0.006 -21"><span class='ocrx_word' id='word_1_249' title='bbox 98 3025 241 3083; x_wconf 89' lang='lat' dir='ltr'>Horatius</span> <span class='ocrx_word' id='word_1_250' title='bbox 263 3025 393 3085; x_wconf 89' lang='lat' dir='ltr'>Tibullus</span> <span class='ocrx_word' id='word_1_251' title='bbox 415 3026 584 3101; x_wconf 86' lang='lat' dir='ltr'>Propertius</span> <span class='ocrx_word' id='word_1_252' title='bbox 602 3031 719 3090; x_wconf 82' lang='lat' dir='ltr'>Ovidius</span> <span class='ocrx_word' id='word_1_253' title='bbox 740 3033 864 3090; x_wconf 86' lang='lat' dir='ltr'>maxime</span> <span class='ocrx_word' id='word_1_254' title='bbox 885 3031 1082 3101; x_wconf 85' lang='lat' dir='ltr'>excoluerunt,</span> <span class='ocrx_word' id='word_1_255' title='bbox 1105 3031 1154 3102; x_wconf 90' lang='lat' dir='ltr'>qui</span> <span class='ocrx_word' id='word_1_256' title='bbox 1174 3047 1267 3102; x_wconf 86' lang='lat' dir='ltr'>quas.</span> 
     </span>
     <span class='ocr_line' id='line_1_29' title="bbox 96 3123 1246 3202; baseline 0.008 -23"><span class='ocrx_word' id='word_1_257' title='bbox 96 3123 246 3196; x_wconf 87' lang='lat' dir='ltr'>proximus</span> <span class='ocrx_word' id='word_1_258' title='bbox 261 3127 381 3198; x_wconf 89' lang='lat' dir='ltr'>quisque</span> <span class='ocrx_word' id='word_1_259' title='bbox 403 3128 563 3187; x_wconf 90' lang='lat' dir='ltr'>locutiones</span> <span class='ocrx_word' id='word_1_260' title='bbox 583 3132 710 3201; x_wconf 90' lang='lat' dir='ltr'>poeticas</span> <span class='ocrx_word' id='word_1_261' title='bbox 731 3132 803 3190; x_wconf 90' lang='lat' dir='ltr'>bene</span> <span class='ocrx_word' id='word_1_262' title='bbox 825 3132 1017 3202; x_wconf 86' lang='lat' dir='ltr'>composuisse</span> <span class='ocrx_word' id='word_1_263' title='bbox 1038 3131 1192 3200; x_wconf 82' lang='lat' dir='ltr'>videretur,</span> <span class='ocrx_word' id='word_1_264' title='bbox 1216 3135 1246 3188; x_wconf 87' lang='lat' dir='ltr'>et</span> 
     </span>
     <span class='ocr_line' id='line_1_30' title="bbox 96 3209 1243 3303; baseline 0.008 -24"><span class='ocrx_word' id='word_1_265' title='bbox 96 3209 223 3282; x_wconf 85' lang='lat' dir='ltr'>libenter</span> <span class='ocrx_word' id='word_1_266' title='bbox 245 3230 274 3282; x_wconf 90' lang='lat' dir='ltr'>et</span> <span class='ocrx_word' id='word_1_267' title='bbox 295 3241 381 3297; x_wconf 91' lang='lat' dir='ltr'>saepe</span> <span class='ocrx_word' id='word_1_268' title='bbox 401 3227 432 3284; x_wconf 91' lang='lat' dir='ltr'>in</span> <span class='ocrx_word' id='word_1_269' title='bbox 454 3243 534 3286; x_wconf 88' lang='lat' dir='ltr'>suum</span> <span class='ocrx_word' id='word_1_270' title='bbox 557 3246 641 3288; x_wconf 90' lang='lat' dir='ltr'>usum</span> <span class='ocrx_word' id='word_1_271' title='bbox 662 3227 888 3290; x_wconf 84' lang='lat' dir='ltr'>transferebant.</span> <span class='ocrx_word' id='word_1_272' title='bbox 922 3231 984 3303; x_wconf 75' lang='lat' dir='ltr'>Quo</span> <span class='ocrx_word' id='word_1_273' title='bbox 1006 3228 1187 3299; x_wconf 87' lang='lat' dir='ltr'>factumest,</span> <span class='ocrx_word' id='word_1_274' title='bbox 1211 3234 1243 3288; x_wconf 90' lang='lat' dir='ltr'>ut</span> 
     </span>
     <span class='ocr_line' id='line_1_31' title="bbox 96 3323 1247 3404; baseline 0.01 -26"><span class='ocrx_word' id='word_1_275' title='bbox 96 3337 219 3396; x_wconf 78' lang='lat' dir='ltr'>prorsus</span> <span class='ocrx_word' id='word_1_276' title='bbox 240 3323 341 3383; x_wconf 89' lang='lat' dir='ltr'>eodem</span> <span class='ocrx_word' id='word_1_277' title='bbox 363 3325 448 3383; x_wconf 91' lang='lat' dir='ltr'>modo</span> <span class='ocrx_word' id='word_1_278' title='bbox 468 3343 527 3399; x_wconf 88' lang='lat' dir='ltr'>quo</span> <span class='ocrx_word' id='word_1_279' title='bbox 559 3337 739 3404; x_wconf 82' lang='lat' dir='ltr'>argumenta,</span> <span class='ocrx_word' id='word_1_280' title='bbox 769 3333 857 3390; x_wconf 89' lang='lat' dir='ltr'>etiam</span> <span class='ocrx_word' id='word_1_281' title='bbox 884 3331 940 3388; x_wconf 90' lang='lat' dir='ltr'>hae</span> <span class='ocrx_word' id='word_1_282' title='bbox 970 3348 1023 3403; x_wconf 94' lang='lat' dir='ltr'>per</span> <span class='ocrx_word' id='word_1_283' title='bbox 1054 3331 1247 3390; x_wconf 83' lang='lat' dir='ltr'>successiones</span> 
     </span>
     <span class='ocr_line' id='line_1_32' title="bbox 97 3421 1246 3502; baseline 0.009 -24"><span class='ocrx_word' id='word_1_284' title='bbox 97 3421 237 3494; x_wconf 84' lang='lat' dir='ltr'>quasdam</span> <span class='ocrx_word' id='word_1_285' title='bbox 257 3424 445 3482; x_wconf 89' lang='lat' dir='ltr'>traderentur</span> <span class='ocrx_word' id='word_1_286' title='bbox 465 3441 559 3500; x_wconf 84' lang='lat' dir='ltr'>neque</span> <span class='ocrx_word' id='word_1_287' title='bbox 579 3445 714 3502; x_wconf 89' lang='lat' dir='ltr'>umquam</span> <span class='ocrx_word' id='word_1_288' title='bbox 737 3430 878 3499; x_wconf 85' lang='lat' dir='ltr'>deessent,</span> <span class='ocrx_word' id='word_1_289' title='bbox 912 3430 1009 3501; x_wconf 88' lang='lat' dir='ltr'>quisi</span> <span class='ocrx_word' id='word_1_290' title='bbox 1030 3431 1094 3501; x_wconf 91' lang='lat' dir='ltr'>quis</span> <span class='ocrx_word' id='word_1_291' title='bbox 1116 3432 1246 3502; x_wconf 87' lang='lat' dir='ltr'>poeticae</span> 
     </span>
     <span class='ocr_line' id='line_1_33' title="bbox 96 3522 1246 3601; baseline 0.007 -24"><span class='ocrx_word' id='word_1_292' title='bbox 96 3522 157 3578; x_wconf 90' lang='lat' dir='ltr'>arti</span> <span class='ocrx_word' id='word_1_293' title='bbox 177 3522 310 3581; x_wconf 90' lang='lat' dir='ltr'>idoneam</span> <span class='ocrx_word' id='word_1_294' title='bbox 331 3522 486 3583; x_wconf 85' lang='lat' dir='ltr'>verborum</span> <span class='ocrx_word' id='word_1_295' title='bbox 508 3528 737 3588; x_wconf 88' lang='lat' dir='ltr'>coniunctionem</span> <span class='ocrx_word' id='word_1_296' title='bbox 763 3531 964 3601; x_wconf 82' lang='lat' dir='ltr'>excogitasset,</span> <span class='ocrx_word' id='word_1_297' title='bbox 996 3528 1071 3588; x_wconf 90' lang='lat' dir='ltr'>hanc</span> <span class='ocrx_word' id='word_1_298' title='bbox 1096 3527 1246 3588; x_wconf 90' lang='lat' dir='ltr'>occasione</span> 
     </span>
     <span class='ocr_line' id='line_1_34' title="bbox 96 3621 1246 3701; baseline 0.003 -22"><span class='ocrx_word' id='word_1_299' title='bbox 96 3621 170 3679; x_wconf 89' lang='lat' dir='ltr'>data</span> <span class='ocrx_word' id='word_1_300' title='bbox 197 3623 373 3681; x_wconf 87' lang='lat' dir='ltr'>carminibus</span> <span class='ocrx_word' id='word_1_301' title='bbox 403 3626 462 3682; x_wconf 88' lang='lat' dir='ltr'>suis</span> <span class='ocrx_word' id='word_1_302' title='bbox 488 3627 682 3687; x_wconf 83' lang='lat' dir='ltr'>innecterent.</span> <span class='ocrx_word' id='word_1_303' title='bbox 726 3628 811 3687; x_wconf 88' lang='lat' dir='ltr'>Hanc</span> <span class='ocrx_word' id='word_1_304' title='bbox 824 3628 924 3701; x_wconf 81' lang='lat' dir='ltr'>igitur</span> <span class='ocrx_word' id='word_1_305' title='bbox 951 3629 1083 3700; x_wconf 87' lang='lat' dir='ltr'>poeticae</span> <span class='ocrx_word' id='word_1_306' title='bbox 1112 3625 1246 3684; x_wconf 92' lang='lat' dir='ltr'>dictionis</span> 
     </span>
     <span class='ocr_line' id='line_1_35' title="bbox 95 3720 1246 3802; baseline 0.003 -22"><span class='ocrx_word' id='word_1_307' title='bbox 95 3723 219 3793; x_wconf 88' lang='lat' dir='ltr'>copiam,</span> <span class='ocrx_word' id='word_1_308' title='bbox 242 3737 330 3795; x_wconf 88' lang='lat' dir='ltr'>qoam</span> <span class='ocrx_word' id='word_1_309' title='bbox 342 3720 421 3781; x_wconf 88' lang='lat' dir='ltr'>inira</span> <span class='ocrx_word' id='word_1_310' title='bbox 439 3727 606 3798; x_wconf 88' lang='lat' dir='ltr'>recensebo,</span> <span class='ocrx_word' id='word_1_311' title='bbox 629 3729 654 3786; x_wconf 90' lang='lat' dir='ltr'>si</span> <span class='ocrx_word' id='word_1_312' title='bbox 667 3731 829 3787; x_wconf 85' lang='lat' dir='ltr'>accuratius</span> <span class='ocrx_word' id='word_1_313' title='bbox 842 3729 1013 3802; x_wconf 83' lang='lat' dir='ltr'>respexeris,</span> <span class='ocrx_word' id='word_1_314' title='bbox 1033 3726 1117 3785; x_wconf 83' lang='lat' dir='ltr'>facile</span> <span class='ocrx_word' id='word_1_315' title='bbox 1133 3741 1246 3784; x_wconf 89' lang='lat' dir='ltr'>mecum</span> 
     </span>
     <span class='ocr_line' id='line_1_36' title="bbox 94 3824 1245 3908; baseline 0.002 -26"><span class='ocrx_word' id='word_1_316' title='bbox 94 3824 259 3882; x_wconf 87' lang='lat' dir='ltr'>consenties</span> <span class='ocrx_word' id='word_1_317' title='bbox 279 3839 372 3908; x_wconf 80' lang='lat' dir='ltr'>paene</span> <span class='ocrx_word' id='word_1_318' title='bbox 394 3825 503 3884; x_wconf 90' lang='lat' dir='ltr'>nullum</span> <span class='ocrx_word' id='word_1_319' title='bbox 523 3832 639 3900; x_wconf 89' lang='lat' dir='ltr'>poetam</span> <span class='ocrx_word' id='word_1_320' title='bbox 652 3827 782 3902; x_wconf 81' lang='lat' dir='ltr'>Angusto</span> <span class='ocrx_word' id='word_1_321' title='bbox 804 3829 950 3902; x_wconf 86' lang='lat' dir='ltr'>aequalem</span> <span class='ocrx_word' id='word_1_322' title='bbox 962 3827 1062 3888; x_wconf 83' lang='lat' dir='ltr'>Ouidio</span> <span class='ocrx_word' id='word_1_323' title='bbox 1077 3826 1245 3885; x_wconf 88' lang='lat' dir='ltr'>similiorem</span> 
     </span>
     <span class='ocr_line' id='line_1_37' title="bbox 94 3925 478 3997; baseline 0.01 -17"><span class='ocrx_word' id='word_1_324' title='bbox 94 3939 157 3981; x_wconf 89' lang='lat' dir='ltr'>esse</span> <span class='ocrx_word' id='word_1_325' title='bbox 180 3939 266 3994; x_wconf 88' lang='lat' dir='ltr'>quam</span> <span class='ocrx_word' id='word_1_326' title='bbox 287 3925 478 3997; x_wconf 75' lang='lat' dir='ltr'>Lygdamum.</span> 
     </span>
    </p>
   </div>
   <div class='ocr_carea' id='block_1_3' title="bbox 0 0 1452 4838">
    <p class='ocr_par' dir='ltr' id='par_1_5' title="bbox 0 0 1452 4838">
     <span class='ocr_line' id='line_1_38' title="bbox 0 0 1452 4838; baseline 0 0"><span class='ocrx_word' id='word_1_327' title='bbox 0 0 1452 4838; x_wconf 95' lang='lat' dir='ltr'> </span> 
     </span>
    </p>
   </div>
  </div>
 </body>
</html>
