2894 4838
743 298 892 386 *ao-

246 483 316 546 ibid
338 501 365 544 v.
388 487 427 546 55
449 468 512 562 sqq.
536 482 643 557 (Delia
657 482 845 549 descendens
866 486 1022 570 ,felioiaa‘,
1043 491 1155 575 inquil,
1181 510 1303 572 ‚amata
1322 521 1386 561 eum

246 577 319 644 tr'bt':
352 581 472 654 misle}
501 579 575 646 daem
596 593 667 646 tarto
693 585 777 667 iqua
801 587 909 650 eram!
954 584 1015 652 Get
1041 586 1188 654 Nemeaea
1216 597 1317 679 ,qaid‘
1346 601 1389 662 ait

246 677 315 760 ,citi
343 693 415 746 aaut
445 701 514 744 osea
543 680 663 746 damac
695 681 819 744 dolori?
851 705 899 750 me
932 690 1027 752 tenuit
1057 690 1195 753 moriem
1228 695 1389 777 desicieate

245 785 378 858 meua‘),
400 800 449 844 eas
476 792 555 846 certo
583 786 667 846 affert
687 787 808 860 puellus,
832 804 907 861 quae
928 792 1073 856 Tibullum
1093 794 1131 854 ad
1150 798 1283 857 carmina
1313 819 1393 862 com·

244 885 376 960 ponenda
401 885 526 944 maxime
552 885 812 947 inflammaverunt.
855 891 930 950 Nam
959 893 1025 953 aliis
1056 881 1171 970 praeter
1203 895 1254 956 bas
1285 900 1393 958 amicis

245 999 363 1058 operam
395 1000 427 1042 ee
457 984 568 1044 dedisse
594 988 656 1060 ipse
685 987 814 1049 Tibullus
839 987 947 1051 latetur
972 993 996 1060 l,
1024 995 1053 1062 5,
1083 997 1122 1054 39
1146 987 1260 1075 (Saepe
1287 990 1391 1056 aliam

245 1081 352 1152 tenni).
395 1083 494 1155 Neque
514 1083 606 1158 igitur
627 1087 783 1161 quidquam
804 1091 934 1165 impedit,
957 1094 1026 1166 quin
1047 1095 1125 1154 inter
1146 1095 1260 1154 Deliam
1282 1101 1311 1155 et
1330 1097 1394 1157 Ne·

244 1185 344 1244 mosim
363 1179 480 1240 Neaera
502 1185 644 1256 quaedam
664 1188 728 1260 ipsa
749 1189 856 1250 Tibulli
877 1194 970 1252 amica
984 1191 1087 1268 fuerit;
1105 1210 1176 1254 saue
1200 1197 1313 1268 quidem
1328 1203 1395 1256 erat

244 1286 321 1344 iuter
352 1296 402 1340 eas
429 1285 527 1356 posita
555 1285 696 1362 Glycera,
730 1305 815 1362 quam
845 1289 985 1352 Herelius
1018 1309 1105 1354 carm.
1135 1294 1164 1368 1,
1200 1297 1239 1354 33
1269 1312 1394 1356 comme·

243 1379 381 1442 muravit:

488 1529 572 1611 Atti,
595 1553 634 1592 aa
655 1530 760 1594 doleat
778 1533 853 1616 plus
873 1535 968 1597 nimio
989 1557 1107 1598 memor

483 1625 610 1690 Immitis
632 1627 794 1712 Glycerae,
816 1653 877 1694 aea
896 1631 1089 1696 miserabiles

481 1724 637 1790 Decuates
657 1726 765 1814 eleqos,
789 1751 847 1793 car
868 1729 925 1793 tobi
946 1729 1052 1795 iunior

467 1841 470 1848 ’
532 1825 638 1892 Laesa
656 1829 833 1912 praeniteat
846 1829 926 1916 fide.

326 1983 384 2046 Sed
412 1985 497 2044 missa
526 1983 641 2042 Neaera
668 2000 851 2058 quaeramus,
874 1986 936 2059 quis
956 1989 1015 2047 iam
1042 1990 1079 2048 sit
1100 1970 1316 2064 ,Lygdamus‘ss
1340 1992 1397 2050 Ti-

242 2086 353 2146 bullum
373 2082 424 2143 sub
445 2081 599 2142 subditicio
621 2082 736 2141 nomine
765 2082 857 2142 latere
878 2087 1061 2157 suspicantur
1084 2087 1253 2147 defensores
1276 2088 1395 2164 Tibulli,

242 2185 294 2248 sed
318 2182 401 2243 valde
428 2181 495 2242 huic
522 2182 678 2256 suspicioni
707 2186 751 2241 est
777 2185 1006 2258 repugnandum.
1056 2185 1133 2245 Nam
1156 2188 1181 2246 si
1202 2189 1266 2260 quis
1287 2205 1395 2250 nomen

243 2300 341 2348 verum
373 2289 468 2344 mutat
499 2299 564 2342 cum
591 2279 666 2356 falso,
694 2287 724 2341 et
751 2279 828 2354 ficto,
855 2301 920 2344 cum
941 2291 1023 2347 certa
1043 2301 1132 2354 causa
1154 2293 1302 2360 permotus
1330 2305 1395 2348 esse

243 2387 350 2456 soleat,
377 2384 454 2443 hanc
482 2381 589 2442 frustra
616 2397 738 2454 quaeras
766 2382 843 2457 apud
872 2384 1024 2444 Tibullum
1075 2385 1168 2446 Immo
1198 2388 1395 2448 adulescentis

244 2485 291 2546 vel
311 2483 394 2558 pueri
417 2481 529 2541 ridetur
551 2495 624 2555 esso,
645 2483 787 2542 incertum
809 2497 913 2541 nomeu
935 2482 1121 2556 substituere,
1140 2487 1189 2556 qui
1211 2487 1312 2557 primis
1327 2503 1394 2546 car-

242 2567 367 2646 minibus
397 2582 456 2642 rim
483 2587 618 2655 expertus
645 2598 706 2642 nou
737 2596 823 2641 ausus
851 2583 889 2640 sit
918 2597 953 2640 ea
980 2598 1049 2642 vero
1074 2583 1190 2642 nomine
1220 2583 1319 2642 addito
1353 2587 1394 2642 ad

243 2685 336 2744 virum
357 2681 489 2742 criticum
510 2683 642 2754 mittere3
665 2681 795 2741 Tibullus
816 2685 914 2742 autem
933 2681 1001 2742 iude
1019 2681 1155 2742 aDeliae
1177 2697 1276 2742 amore
1288 2699 1392 2742 uerum

244 2798 348 2844 nomen
370 2780 471 2856 elegiis
492 2783 614 2842 inseruit
634 2775 684 2858 (cf.
707 2781 731 2858 I,
755 2783 784 2855 3,
807 2782 856 2841 55.
880 2783 907 2855 9,
932 2781 981 2842 83.
1002 2781 1052 2856 IV,
1077 2785 1124 2858 13,
1149 2781 1210 2857 13).
1286 2821 1289 2828 -

329 2880 436 2940 Omitto
471 2880 605 2953 pluribus
635 2881 835 2942 demonstrare
875 2881 1073 2944 condicionem
1107 2889 1270 2955 statumque
1303 2883 1392 2948 uitae,

245 2998 317 3056 quae
339 2979 542 3040 describuntur
562 2981 593 3038 iu
614 2979 681 3038 libri
703 2981 784 3037 tertii
806 2980 914 3052 elegiis,
937 2982 1035 3040 aliena
1057 2996 1121 3039 esee
1144 2998 1162 3040 a
1185 2981 1306 3039 Tibullo.

228 3072 232 3080 ’
328 3080 384 3142 Sed
404 3077 565 3150 complures
580 3093 615 3136 ex
629 3077 698 3134 viris
719 3077 812 3136 doctis
833 3077 912 3135 velut
935 3078 1034 3150 Spobn
1048 3077 1183 3136 Districb
1198 3077 1327 3153 Golbtry
1341 3081 1391 3139 alii

243 3185 322 3243 ultra
342 3179 490 3255 progressi
519 3177 663 3236 Neaeram
690 3179 721 3234 et
748 3176 840 3247 ipsam
862 3175 1017 3247 Glyceram
1039 3174 1160 3234 eandem
1182 3191 1245 3236 esse
1269 3192 1304 3237 ac
1330 3177 1390 3238 De·

242 3283 310 3343 liam
330 3282 507 3350 statuerunt3
528 3274 603 3334 Fnss
626 3279 723 3334 autem
745 3289 809 3334 cum
830 3274 887 3333 boc
908 3274 972 3335 loco
987 3290 1005 3334 a
1019 3272 1156 3351 spemin,
1179 3292 1264 3348 quem
1285 3280 1391 3337 ceteris

242 3382 274 3440 iu
294 3381 381 3440 rebus
398 3375 490 3451 'sequi
518 3377 600 3454 solet,
623 3373 761 3447 discedat,
784 3375 893 3436 omissa
914 3374 1050 3449 Glycera,
1072 3391 1157 3448 quam
1179 3392 1244 3435 cum
1273 3375 1390 3436 Nemesi

244 3485 410 3553 comparat,
443 3479 587 3538 Neaeram
622 3473 713 3534 solam
745 3475 866 3534 eandem
895 3489 957 3533 esse
986 3489 1021 3532 ac
1048 3473 1161 3532 Deliam
1190 3475 1391 3536 demonstrare

243 3580 349 3642 studet.
391 3577 431 3637 Et
457 3578 519 3650 ipse
543 3575 695 3648 Glyceram
716 3576 745 3634 iu
768 3573 1020 3648 argumentatione
1043 3585 1108 3630 mea
1128 3573 1247 3632 missam
1273 3572 1389 3650 faciam,

243 3695 307 3742 cum
329 3677 445 3738 nonsit
466 3676 512 3735 bic
533 3676 614 3735 locus
634 3673 794 3736 disserendi
815 3674 852 3734 de
872 3687 915 3732 ea.

327 3773 498 3837 Aedificium
522 3792 540 3835 a
560 3777 663 3836 Fussio
684 3776 808 3848 aliisque
829 3773 897 3832 uiris
921 3770 1012 3830 doctis
1030 3769 1186 3832 artificiose
1208 3776 1388 3834 cmtructum

242 3875 359 3949 labefit,
388 3893 452 3936 cum
481 3875 583 3934 Deliae
611 3879 640 3932 ct
668 3873 800 3934 Neaerae
826 3869 989 3932 nominibus
1010 3887 1068 3931 non
1090 3871 1191 3931 eadem
1213 3871 1388 3944 syllabarum

243 3993 379 4038 mensura
401 3975 555 4047 efficiatur,
577 3975 658 4048 quasi
678 3975 802 4034 mierum
824 3989 878 4046 pro
899 3972 992 4032 altero
1014 3971 1148 4031 substitui
1169 3973 1267 4045 possit.
1298 3972 1388 4045 Quam

242 4078 337 4151 legem
365 4074 498 4136 fictorum
528 4076 674 4134 nominum
695 4073 732 4134 ab
755 4072 873 4132 Acrone
894 4071 931 4130 ad
960 4071 1033 4130 Hor.
1053 4085 1137 4130 serm.
1162 4070 1187 4136 l,
1209 4071 1237 4140 2,
1260 4072 1298 4129 64
1321 4076 1388 4132 eta

243 4176 375 4237 Bentleio
406 4176 443 4236 ad
470 4177 541 4235 Hor.
570 4190 658 4234 carm.
679 4173 717 4248 11,
745 4174 791 4248 12,
820 4174 855 4231 13
885 4171 1059 4245 explicatam
1084 4185 1255 4244 quamquam
1274 4172 1305 4229 in
1327 4187 1387 4231 ma·

243 4279 350 4337 ximum
371 4273 487 4335 Horatii
509 4275 671 4348 puellarum
692 4289 842 4332 numerum
863 4287 921 4331 non
944 4270 1048 4330 cadere
1070 4272 1183 4328 constat
1211 4268 1261 4339 (ex
1286 4272 1389 4342 quibus
