2894 4838
598 807 726 888 Oneon
755 801 808 886 V.

212 1023 258 1081 De
286 1035 426 1096 genere
456 1019 608 1080 dicendi
636 1033 701 1078 cum
731 1018 900 1078 Lachmann
926 1019 957 1076 in
985 1018 1171 1082 adnotatione
1195 1022 1273 1084 libro

128 1123 220 1184 tertio
249 1119 381 1180 editionis
406 1119 569 1193 praemissa
595 1119 745 1192 complura
771 1123 875 1178 contra
896 1118 1058 1192 Tibullum,
1085 1138 1169 1196 quem
1195 1124 1273 1184 hunc

128 1223 238 1285 librum
256 1221 405 1294 scripsisse
426 1219 580 1292 putabant,
604 1218 802 1293 congessisset,
824 1233 918 1290 pauca
939 1224 1005 1291 post
1031 1236 1098 1279 eum
1119 1221 1175 1282 viri
1196 1223 1274 1284 docti

127 1320 312 1382 addiderunt.
354 1318 435 1378 Haeo
463 1319 560 1378 omnia
587 1319 630 1378 ita
657 1317 849 1390 percensebo,
879 1323 912 1376 ut
933 1319 1079 1394 nonnulla,
1112 1336 1184 1396 quae
1213 1324 1274 1397 ipse

130 1421 304 1497 conquisivi,
328 1418 490 1478 adnectam.
534 1417 643 1478 Omitto
671 1417 770 1490 affere,
793 1433 867 1490 quae
889 1417 962 1477 Fuss
982 1436 1011 1492 p.
1036 1420 1075 1478 67
1097 1424 1127 1479 et
1149 1423 1188 1481 68
1209 1439 1274 1483 cum

127 1513 290 1582 demendi
308 1517 447 1580 vocabulo
468 1523 498 1578 et
519 1518 556 1580 de
576 1513 659 1586 dam,
681 1509 774 1596 qaod,
788 1511 847 1575 obi
857 1517 1010 1591 particulis
1024 1517 1194 1594 disputaret,
1208 1518 1273 1580 feli·

130 1622 205 1682 citer
225 1623 326 1680 conns
345 1617 565 1678 Lachmannum
585 1613 726 1685 defendit.
761 1617 818 1678 Sed
838 1622 871 1676 ut
891 1619 921 1677 in
942 1619 1080 1690 loquendi
1101 1636 1153 1680 usu
1174 1626 1274 1694 poeta·

127 1737 192 1781 rum
214 1719 407 1794 elegiacorum
428 1717 601 1778 illustrando
622 1724 702 1777 reete
722 1716 890 1792 iudicemus,
913 1734 949 1777 ea
970 1723 1137 1778 constanter
1158 1720 1273 1798 addam,

125 1837 203 1893 quae
224 1818 303 1892 apud
323 1818 509 1892 Propertium
530 1821 561 1876 et
581 1815 713 1876 Ovidium
733 1818 879 1890 leguntur.

212 1916 344 1976 Primum
364 1918 461 1990 igitur,
484 1923 518 1976 ut
539 1915 577 1976 de
598 1913 952 1976 exclamationibus
982 1915 1148 1978 brevissime
1177 1933 1272 1993 agam,

126 2017 295 2093 Lygdamus
318 2013 470 2076 formulam
496 2016 675 2076 exsecrantis
702 2015 819 2075 exhibet
840 2023 991 2093 opereat
1016 2019 1046 2088 4,
1070 2019 1118 2089 62,
1141 2017 1273 2077 Tibullus

124 2122 224 2178 autem
246 2131 263 2174 ο
281 2120 392 2194 pereat
412 2115 435 2184 1,
459 2119 487 2184 1,
510 2115 559 2174 51.
581 2114 620 2182 11,
641 2118 670 2187 4,
693 2119 734 2175 27
755 2115 830 2174 adde
850 2114 901 2188 IV,
925 2118 955 2191 3,
977 2117 1005 2186 6,
1027 2119 1147 2191 uterque
1167 2119 1218 2190 ita,
1240 2123 1274 2176 ut

125 2233 228 2276 omnes
250 2216 363 2276 codices
382 2215 436 2273 bas
457 2215 613 2286 scripturas
635 2214 845 2275 commendent.
889 2214 944 2286 Qui
964 2229 1063 2273 versus
1095 2215 1125 2272 in
1146 2216 1272 2289 antiquis

124 2313 304 2376 editionibus
324 2313 432 2387 legitur
453 2314 483 2371 in
503 2312 552 2372 lib.
574 2312 605 2372 II
627 2329 651 2372 c.
675 2316 693 2372 3
713 2330 740 2373 v.
764 2315 818 2373 75:

293 2437 345 2502 Ab
362 2451 494 2524 pereant
514 2452 598 2504 ortes
619 2451 648 2504 et
668 2440 777 2505 mollia
797 2442 873 2506 iura
894 2441 1024 2520 colendi,

124 2598 193 2642 eum
214 2579 340 2653 spurium
367 2593 430 2640 esse
458 2578 566 2641 dudum
592 2585 715 2640 constat.
770 2583 805 2641 In
826 2580 973 2656 Propertii
994 2582 1093 2658 elegiis
1113 2559 1231 2656 repperi
1251 2600 1272 2639 a

123 2697 254 2760 peream
281 2679 333 2750 ΠΙ,
356 2681 404 2748 18,
429 2680 480 2754 15;
510 2686 661 2758 opereat
680 2679 704 2751 I,
729 2682 756 2752 6,
784 2683 830 2740 12.
856 2685 903 2755 17,
929 2685 977 2740 13.
1018 2681 1071 2756 ΙΠ,
1095 2683 1143 2754 31,
1165 2683 1220 2755 27;
1250 2701 1271 2740 a

123 2786 257 2861 pereant
277 2778 301 2852 Ι,
326 2782 373 2852 11,
396 2782 445 2840 30.
487 2777 541 2851 ΙΠ,
566 2779 613 2851 17,
640 2781 688 2850 12,
710 2796 783 2852 quae
804 2781 907 2839 ultima
927 2779 1051 2839 formula
1073 2785 1174 2852 quater
1195 2781 1272 2854 apud

126 2879 261 2940 ovinum
290 2884 404 2938 exstat:
447 2876 484 2937 A.
507 2878 543 2937 A.
566 2877 618 2951 111,
641 2881 714 2937 494.
756 2878 794 2951 Η,
818 2881 889 2938 nun.
930 2877 1271 2946 Frst.1v,2so.241.

125 2979 209 3053 Quae
235 2978 396 3038 interiectio
428 2978 544 3051 saepius
573 2979 650 3053 apud
685 2978 831 3038 Tibullum
860 2980 967 3054 legitur
995 2983 1024 3038 et
1052 2995 1117 3038 cum
1146 2980 1272 3039 orationi

126 3080 256 3154 vigorem
283 3078 475 3152 ardoremque
504 3077 625 3152 tribuet,
652 3085 756 3154 poetae
778 3083 808 3137 in
831 3080 941 3140 deliciis
962 3078 1076 3137 videtur
1095 3076 1191 3150 fuisse,
1212 3073 1271 3138 bea

124 3184 158 3238 et
186 3171 245 3236 hen
273 3169 332 3236 bea
359 3169 432 3250 (bea
462 3178 486 3251 I,
508 3179 537 3248 4,
561 3179 610 3238 57.
634 3181 662 3250 5,
686 3182 734 3238 67.
764 3181 792 3250 8,
816 3181 937 3238 2341.
979 3177 1018 3252 Π,
1041 3181 1068 3250 3,
1092 3180 1142 3236 78.
1164 3181 1193 3250 4,
1217 3180 1269 3252 35;

121 3272 187 3336 aaa
214 3272 273 3336 teo
301 3276 325 3345 1,
353 3280 382 3349 4,
410 3279 459 3336 e1.
491 3279 519 3353 c,
553 3281 601 3337 10.
643 3278 681 3352 11,
714 3280 741 3350 s,
770 3281 838 3338 nos.
862 3282 890 3349 a,
913 3282 962 3338 49.
1004 3275 1271 3352 1v‚1s,17),ea

126 3393 267 3450 nusquam
287 3378 317 3436 in
339 3377 414 3436 libro
435 3377 523 3436 tertio
545 3379 680 3436 occurrit.
715 3377 749 3436 In
763 3378 910 3450 Propertii
930 3376 1012 3436 libris
1027 3393 1090 3436 cum
1110 3371 1169 3435 bea
1190 3378 1270 3437 iden-

122 3479 216 3538 tidem
243 3477 408 3550 reperiatur
437 3469 532 3551 (etl,
559 3480 585 3547 1,
609 3477 659 3535 38.
682 3479 711 3548 4,
735 3480 783 3536 22.
826 3477 865 3546 Il,
890 3478 918 3550 5,
949 3476 977 3536 8.
1019 3476 1075 3553 111,
1097 3478 1125 3549 3,
1151 3477 1198 3535 15.
1223 3481 1269 3548 13,

127 3579 177 3636 16.
219 3577 268 3646 IV,
293 3579 341 3648 14,
365 3577 393 3634 6.
436 3577 472 3650 V,
490 3573 583 3643 1,94:
606 3578 700 3645 3,17.
722 3580 750 3649 7,
774 3579 823 3634 21.
850 3580 896 3647 10,
912 3579 979 3654 27),
1002 3591 1142 3650 nusquam
1163 3577 1270 3649 legitur

118 3671 184 3735 deca
214 3669 273 3734 bea
290 3676 321 3750 1),
350 3692 404 3751 pro
434 3691 490 3748 qua
518 3675 664 3749 geminata
694 3678 894 3736 interiectione
922 3676 1040 3737 Ovidius
1068 3675 1168 3735 maluit
1195 3670 1269 3734 elaea

194 3959 216 4028 ¹)
233 3959 370 4012 Baehrens
388 3957 522 4027 (Analect.
543 3958 641 4012 Catull.
660 3977 687 4026 p.
707 3957 750 4027 64)
769 3962 803 4011 ad
823 3961 881 4013 Cat.
895 3961 1036 4030 LXXVII,
1048 3961 1064 4012 5
1078 3966 1105 4014 et
1118 3964 1133 4013 6
1146 3961 1267 4014 adnotat:

119 4046 219 4110 ,Valde
237 4045 339 4112 dubito,
358 4062 422 4097 num
440 4049 526 4098 forma
544 4045 658 4110 ,bastae
678 4048 790 4112 antiqua
807 4049 841 4100 sit
843 4085 886 4116 .....
904 4053 1018 4112 utroquo
1035 4064 1116 4101 versu
1137 4050 1204 4114 ipsis
1223 4063 1270 4100 oo·

120 4132 230 4186 dicibus
248 4133 362 4185 ducibus
382 4130 459 4197 ,etea‘
480 4134 675 4186 restituendum
701 4130 748 4185 est‘
771 4135 804 4184 ol.
824 4134 854 4186 Ι..
873 4133 998 4184 Mueller.
1017 4134 1050 4185 ad
1069 4135 1130 4186 Tib.
1149 4135 1173 4200 1,
1190 4135 1215 4194 4,
1235 4133 1266 4182 81

115 4217 218 4288 (praef.
236 4235 262 4287 p.
280 4219 366 4285 XIX).
