<?xml version="1.0" encoding="UTF-8"?>
<!DOCTYPE html PUBLIC "-//W3C//DTD XHTML 1.0 Transitional//EN"
    "http://www.w3.org/TR/xhtml1/DTD/xhtml1-transitional.dtd">
<html xmlns="http://www.w3.org/1999/xhtml" xml:lang="en" lang="en">
 <head>
  <title>
</title>
<meta http-equiv="Content-Type" content="text/html;charset=utf-8" />
  <meta name='ocr-system' content='tesseract 3.04.00' />
  <meta name='ocr-capabilities' content='ocr_page ocr_carea ocr_par ocr_line ocrx_word'/>
</head>
<body>
  <div class='ocr_page' id='page_1' title='image "./delibritertiica00kleegoog_0051.png"; bbox 0 0 2894 4838; ppageno 0'>
   <div class='ocr_carea' id='block_1_1' title="bbox 659 746 911 836">
    <p class='ocr_par' dir='ltr' id='par_1_1' title="bbox 659 746 911 836">
     <span class='ocr_line' id='line_1_1' title="bbox 659 746 911 836; baseline 0.004 -3"><span class='ocrx_word' id='word_1_1' title='bbox 659 746 792 836; x_wconf 70' lang='lat' dir='ltr'>Carus</span> <span class='ocrx_word' id='word_1_2' title='bbox 816 751 911 834; x_wconf 89' lang='lat' dir='ltr'><strong>VII.</strong></span> 
     </span>
    </p>
   </div>
   <div class='ocr_carea' id='block_1_2' title="bbox 210 939 1419 2206">
    <p class='ocr_par' dir='ltr' id='par_1_2' title="bbox 211 939 1419 1811">
     <span class='ocr_line' id='line_1_2' title="bbox 296 939 1361 1015; baseline 0.002 -17"><span class='ocrx_word' id='word_1_3' title='bbox 296 941 459 1000; x_wconf 86' lang='lat' dir='ltr'>Verisimile</span> <span class='ocrx_word' id='word_1_4' title='bbox 480 945 526 999; x_wconf 88' lang='lat' dir='ltr'>est</span> <span class='ocrx_word' id='word_1_5' title='bbox 547 957 654 1014; x_wconf 90' lang='lat' dir='ltr'>omnes,</span> <span class='ocrx_word' id='word_1_6' title='bbox 683 940 785 1015; x_wconf 87' lang='lat' dir='ltr'>quibus</span> <span class='ocrx_word' id='word_1_7' title='bbox 814 945 917 1002; x_wconf 90' lang='lat' dir='ltr'>tertius</span> <span class='ocrx_word' id='word_1_8' title='bbox 942 941 1016 1002; x_wconf 87' lang='lat' dir='ltr'>liber</span> <span class='ocrx_word' id='word_1_9' title='bbox 1045 941 1174 1015; x_wconf 89' lang='lat' dir='ltr'>corporis</span> <span class='ocrx_word' id='word_1_10' title='bbox 1203 939 1361 1002; x_wconf 85' lang='lat' dir='ltr'>Tibulliani</span> 
     </span>
     <span class='ocr_line' id='line_1_3' title="bbox 214 1038 1359 1114; baseline -0.002 -14"><span class='ocrx_word' id='word_1_11' title='bbox 214 1040 349 1114; x_wconf 83' lang='lat' dir='ltr'>allicitur,</span> <span class='ocrx_word' id='word_1_12' title='bbox 379 1040 487 1114; x_wconf 90' lang='lat' dir='ltr'>elegias</span> <span class='ocrx_word' id='word_1_13' title='bbox 510 1038 547 1098; x_wconf 91' lang='lat' dir='ltr'>ab</span> <span class='ocrx_word' id='word_1_14' title='bbox 569 1056 625 1100; x_wconf 89' lang='lat' dir='ltr'>uno</span> <span class='ocrx_word' id='word_1_15' title='bbox 648 1047 678 1100; x_wconf 87' lang='lat' dir='ltr'>et</span> <span class='ocrx_word' id='word_1_16' title='bbox 699 1042 800 1100; x_wconf 89' lang='lat' dir='ltr'>eodem</span> <span class='ocrx_word' id='word_1_17' title='bbox 822 1047 911 1114; x_wconf 89' lang='lat' dir='ltr'>poeta</span> <span class='ocrx_word' id='word_1_18' title='bbox 932 1041 1104 1113; x_wconf 87' lang='lat' dir='ltr'>compositas</span> <span class='ocrx_word' id='word_1_19' title='bbox 1131 1055 1208 1114; x_wconf 83' lang='lat' dir='ltr'>esse3</span> <span class='ocrx_word' id='word_1_20' title='bbox 1238 1055 1305 1098; x_wconf 88' lang='lat' dir='ltr'>nam</span> <span class='ocrx_word' id='word_1_21' title='bbox 1334 1041 1359 1099; x_wconf 90' lang='lat' dir='ltr'>is</span> 
     </span>
     <span class='ocr_line' id='line_1_4' title="bbox 214 1139 1362 1214; baseline 0 -16"><span class='ocrx_word' id='word_1_22' title='bbox 214 1142 264 1212; x_wconf 91' lang='lat' dir='ltr'>qui</span> <span class='ocrx_word' id='word_1_23' title='bbox 296 1141 425 1198; x_wconf 87' lang='lat' dir='ltr'>carmina</span> <span class='ocrx_word' id='word_1_24' title='bbox 453 1139 579 1213; x_wconf 80' lang='lat' dir='ltr'>collegit,</span> <span class='ocrx_word' id='word_1_25' title='bbox 613 1143 766 1213; x_wconf 87' lang='lat' dir='ltr'>epistolam</span> <span class='ocrx_word' id='word_1_26' title='bbox 793 1142 873 1200; x_wconf 90' lang='lat' dir='ltr'>illam</span> <span class='ocrx_word' id='word_1_27' title='bbox 892 1139 956 1214; x_wconf 90' lang='lat' dir='ltr'>(Ill,</span> <span class='ocrx_word' id='word_1_28' title='bbox 980 1139 1021 1214; x_wconf 81' lang='lat'>5),</span> <span class='ocrx_word' id='word_1_29' title='bbox 1051 1141 1077 1198; x_wconf 94' lang='lat' dir='ltr'>si</span> <span class='ocrx_word' id='word_1_30' title='bbox 1105 1139 1156 1198; x_wconf 88' lang='lat' dir='ltr'>alii</span> <span class='ocrx_word' id='word_1_31' title='bbox 1182 1141 1297 1200; x_wconf 89' lang='lat' dir='ltr'>auctori</span> <span class='ocrx_word' id='word_1_32' title='bbox 1326 1155 1362 1199; x_wconf 90' lang='lat' dir='ltr'>ac</span> 
     </span>
     <span class='ocr_line' id='line_1_5' title="bbox 212 1238 1361 1313; baseline 0 -17"><span class='ocrx_word' id='word_1_33' title='bbox 212 1238 324 1312; x_wconf 88' lang='lat' dir='ltr'>reliqua</span> <span class='ocrx_word' id='word_1_34' title='bbox 345 1238 472 1297; x_wconf 88' lang='lat' dir='ltr'>eiusdem</span> <span class='ocrx_word' id='word_1_35' title='bbox 494 1238 562 1297; x_wconf 82' lang='lat' dir='ltr'>libri</span> <span class='ocrx_word' id='word_1_36' title='bbox 584 1241 713 1299; x_wconf 86' lang='lat' dir='ltr'>earmina</span> <span class='ocrx_word' id='word_1_37' title='bbox 725 1241 881 1301; x_wconf 86' lang='lat' dir='ltr'>tribuenda</span> <span class='ocrx_word' id='word_1_38' title='bbox 894 1244 980 1310; x_wconf 87' lang='lat' dir='ltr'>esset,</span> <span class='ocrx_word' id='word_1_39' title='bbox 1002 1241 1050 1301; x_wconf 85' lang='lat' dir='ltr'>vix</span> <span class='ocrx_word' id='word_1_40' title='bbox 1064 1240 1163 1313; x_wconf 87' lang='lat' dir='ltr'>elegiis</span> <span class='ocrx_word' id='word_1_41' title='bbox 1179 1238 1361 1298; x_wconf 88' lang='lat' dir='ltr'>inseruisset.</span> 
     </span>
     <span class='ocr_line' id='line_1_6' title="bbox 214 1335 1361 1414; baseline 0.003 -19"><span class='ocrx_word' id='word_1_42' title='bbox 214 1335 285 1396; x_wconf 79' lang='lat' dir='ltr'>Cum</span> <span class='ocrx_word' id='word_1_43' title='bbox 307 1343 404 1396; x_wconf 85' lang='lat' dir='ltr'>autem</span> <span class='ocrx_word' id='word_1_44' title='bbox 427 1339 639 1398; x_wconf 80' lang='lat' dir='ltr'><strong>demonstrasse</strong></span> <span class='ocrx_word' id='word_1_45' title='bbox 660 1341 731 1398; x_wconf 90' lang='lat' dir='ltr'>mihi</span> <span class='ocrx_word' id='word_1_46' title='bbox 762 1341 862 1400; x_wconf 88' lang='lat' dir='ltr'>videar</span> <span class='ocrx_word' id='word_1_47' title='bbox 892 1339 1044 1414; x_wconf 87' lang='lat' dir='ltr'>epistolam</span> <span class='ocrx_word' id='word_1_48' title='bbox 1073 1339 1154 1398; x_wconf 90' lang='lat' dir='ltr'>illam</span> <span class='ocrx_word' id='word_1_49' title='bbox 1182 1338 1219 1397; x_wconf 87' lang='lat' dir='ltr'>ad</span> <span class='ocrx_word' id='word_1_50' title='bbox 1249 1340 1361 1398; x_wconf 90' lang='lat' dir='ltr'>amicos</span> 
     </span>
     <span class='ocr_line' id='line_1_7' title="bbox 212 1436 1362 1511; baseline 0.001 -16"><span class='ocrx_word' id='word_1_51' title='bbox 212 1438 249 1496; x_wconf 89' lang='lat' dir='ltr'>ab</span> <span class='ocrx_word' id='word_1_52' title='bbox 271 1436 374 1496; x_wconf 90' lang='lat' dir='ltr'>Ovidio</span> <span class='ocrx_word' id='word_1_53' title='bbox 395 1437 493 1497; x_wconf 87' lang='lat' dir='ltr'>datam</span> <span class='ocrx_word' id='word_1_54' title='bbox 515 1454 586 1510; x_wconf 90' lang='lat' dir='ltr'>esse,</span> <span class='ocrx_word' id='word_1_55' title='bbox 616 1439 689 1498; x_wconf 87' lang='lat' dir='ltr'>beno</span> <span class='ocrx_word' id='word_1_56' title='bbox 722 1440 791 1499; x_wconf 86' lang='lat' dir='ltr'>milri</span> <span class='ocrx_word' id='word_1_57' title='bbox 814 1440 928 1511; x_wconf 86' lang='lat' dir='ltr'>accidit,</span> <span class='ocrx_word' id='word_1_58' title='bbox 957 1436 1035 1511; x_wconf 86' lang='lat' dir='ltr'>quod</span> <span class='ocrx_word' id='word_1_59' title='bbox 1064 1455 1128 1498; x_wconf 90' lang='lat' dir='ltr'>cnm</span> <span class='ocrx_word' id='word_1_60' title='bbox 1153 1438 1208 1498; x_wconf 89' lang='lat' dir='ltr'>hac</span> <span class='ocrx_word' id='word_1_61' title='bbox 1234 1438 1362 1510; x_wconf 89' lang='lat' dir='ltr'>epistola</span> 
     </span>
     <span class='ocr_line' id='line_1_8' title="bbox 211 1519 1362 1613; baseline 0 -17"><span class='ocrx_word' id='word_1_62' title='bbox 211 1541 326 1596; x_wconf 87' lang='lat' dir='ltr'>ceterae</span> <span class='ocrx_word' id='word_1_63' title='bbox 347 1536 414 1596; x_wconf 84' lang='lat' dir='ltr'>libri</span> <span class='ocrx_word' id='word_1_64' title='bbox 431 1519 515 1596; x_wconf 72' lang='lat' dir='ltr'>tertii</span> <span class='ocrx_word' id='word_1_65' title='bbox 537 1538 645 1612; x_wconf 80' lang='lat' dir='ltr'>elegiae</span> <span class='ocrx_word' id='word_1_66' title='bbox 667 1541 697 1597; x_wconf 94' lang='lat' dir='ltr'>in</span> <span class='ocrx_word' id='word_1_67' title='bbox 719 1539 838 1613; x_wconf 90' lang='lat' dir='ltr'>singulis</span> <span class='ocrx_word' id='word_1_68' title='bbox 869 1540 992 1612; x_wconf 86' lang='lat' dir='ltr'>poeticis</span> <span class='ocrx_word' id='word_1_69' title='bbox 1019 1537 1174 1612; x_wconf 74' lang='lat' dir='ltr'>phrasibus</span> <span class='ocrx_word' id='word_1_70' title='bbox 1201 1537 1362 1598; x_wconf 88' lang='lat' dir='ltr'>communi·</span> 
     </span>
     <span class='ocr_line' id='line_1_9' title="bbox 211 1635 1361 1711; baseline 0.001 -18"><span class='ocrx_word' id='word_1_71' title='bbox 211 1641 300 1695; x_wconf 87' lang='lat' dir='ltr'>tatem</span> <span class='ocrx_word' id='word_1_72' title='bbox 322 1635 466 1709; x_wconf 85' lang='lat' dir='ltr'>quandam</span> <span class='ocrx_word' id='word_1_73' title='bbox 487 1636 606 1704; x_wconf 89' lang='lat' dir='ltr'>habent,</span> <span class='ocrx_word' id='word_1_74' title='bbox 635 1654 693 1711; x_wconf 88' lang='lat' dir='ltr'>qua</span> <span class='ocrx_word' id='word_1_75' title='bbox 713 1643 747 1696; x_wconf 89' lang='lat' dir='ltr'>ut</span> <span class='ocrx_word' id='word_1_76' title='bbox 768 1640 856 1698; x_wconf 89' lang='lat' dir='ltr'>totius</span> <span class='ocrx_word' id='word_1_77' title='bbox 878 1638 945 1698; x_wconf 86' lang='lat' dir='ltr'>libri</span> <span class='ocrx_word' id='word_1_78' title='bbox 966 1639 1048 1696; x_wconf 88' lang='lat' dir='ltr'>tertii</span> <span class='ocrx_word' id='word_1_79' title='bbox 1061 1641 1208 1698; x_wconf 88' lang='lat' dir='ltr'>auctorem</span> <span class='ocrx_word' id='word_1_80' title='bbox 1224 1635 1361 1696; x_wconf 89' lang='lat' dir='ltr'>Ovidium</span> 
     </span>
     <span class='ocr_line' id='line_1_10' title="bbox 212 1735 1419 1811; baseline 0.003 -18"><span class='ocrx_word' id='word_1_81' title='bbox 212 1750 273 1794; x_wconf 90' lang='lat' dir='ltr'>esse</span> <span class='ocrx_word' id='word_1_82' title='bbox 295 1735 445 1794; x_wconf 86' lang='lat' dir='ltr'>credamus</span> <span class='ocrx_word' id='word_1_83' title='bbox 468 1736 554 1795; x_wconf 89' lang='lat' dir='ltr'>etiam</span> <span class='ocrx_word' id='word_1_84' title='bbox 577 1739 668 1811; x_wconf 90' lang='lat' dir='ltr'>magis</span> <span class='ocrx_word' id='word_1_85' title='bbox 690 1753 910 1797; x_wconf 85' lang='lat' dir='ltr'>commovemur.</span> <span class='ocrx_word' id='word_1_86' title='bbox 1416 1778 1419 1784; x_wconf 78' lang='lat'>,</span> 
     </span>
    </p>

    <p class='ocr_par' dir='ltr' id='par_1_3' title="bbox 210 1829 1361 2206">
     <span class='ocr_line' id='line_1_11' title="bbox 296 1829 1361 1912; baseline -0.004 -17"><span class='ocrx_word' id='word_1_87' title='bbox 296 1836 340 1895; x_wconf 83' lang='lat' dir='ltr'>Ac</span> <span class='ocrx_word' id='word_1_88' title='bbox 360 1836 483 1910; x_wconf 90' lang='lat' dir='ltr'>primum</span> <span class='ocrx_word' id='word_1_89' title='bbox 503 1837 619 1909; x_wconf 85' lang='lat' dir='ltr'>quidem</span> <span class='ocrx_word' id='word_1_90' title='bbox 640 1829 776 1894; x_wconf 77' lang='lat' dir='ltr'>Lethaeo</span> <span class='ocrx_word' id='word_1_91' title='bbox 798 1834 876 1894; x_wconf 83' lang='lat' dir='ltr'>ralia</span> <span class='ocrx_word' id='word_1_92' title='bbox 897 1841 927 1895; x_wconf 92' lang='lat' dir='ltr'>et</span> <span class='ocrx_word' id='word_1_93' title='bbox 949 1835 1002 1912; x_wconf 88' lang='lat' dir='ltr'>III,</span> <span class='ocrx_word' id='word_1_94' title='bbox 1027 1837 1055 1907; x_wconf 83' lang='lat'>5,</span> <span class='ocrx_word' id='word_1_95' title='bbox 1078 1837 1119 1894; x_wconf 83' lang='lat'>24</span> <span class='ocrx_word' id='word_1_96' title='bbox 1139 1841 1169 1894; x_wconf 92' lang='lat' dir='ltr'>et</span> <span class='ocrx_word' id='word_1_97' title='bbox 1190 1835 1243 1906; x_wconf 92' lang='lat' dir='ltr'>III,</span> <span class='ocrx_word' id='word_1_98' title='bbox 1267 1837 1294 1905; x_wconf 85' lang='lat'>3,</span> <span class='ocrx_word' id='word_1_99' title='bbox 1321 1835 1361 1891; x_wconf 91' lang='lat'>10</span> 
     </span>
     <span class='ocr_line' id='line_1_12' title="bbox 212 1931 1359 2010; baseline -0.003 -16"><span class='ocrx_word' id='word_1_100' title='bbox 212 1935 330 2007; x_wconf 84' lang='lat' dir='ltr'>legitur,</span> <span class='ocrx_word' id='word_1_101' title='bbox 369 1951 443 2007; x_wconf 93' lang='lat' dir='ltr'>quae</span> <span class='ocrx_word' id='word_1_102' title='bbox 475 1935 564 1994; x_wconf 90' lang='lat' dir='ltr'>verba</span> <span class='ocrx_word' id='word_1_103' title='bbox 598 1952 691 2010; x_wconf 89' lang='lat' dir='ltr'>neque</span> <span class='ocrx_word' id='word_1_104' title='bbox 719 1938 796 2010; x_wconf 87' lang='lat' dir='ltr'>apud</span> <span class='ocrx_word' id='word_1_105' title='bbox 824 1937 990 1996; x_wconf 90' lang='lat' dir='ltr'>Lucretium</span> <span class='ocrx_word' id='word_1_106' title='bbox 1021 1935 1166 1995; x_wconf 77' lang='lat' dir='ltr'>catullum</span> <span class='ocrx_word' id='word_1_107' title='bbox 1194 1931 1359 2007; x_wconf 80' lang='lat' dir='ltr'>Vergilium</span> 
     </span>
     <span class='ocr_line' id='line_1_13' title="bbox 210 2033 1360 2109; baseline 0 -19"><span class='ocrx_word' id='word_1_108' title='bbox 210 2033 363 2092; x_wconf 78' lang='lat' dir='ltr'>Horatium</span> <span class='ocrx_word' id='word_1_109' title='bbox 392 2033 535 2092; x_wconf 79' lang='lat' dir='ltr'>Tibullum</span> <span class='ocrx_word' id='word_1_110' title='bbox 563 2033 748 2107; x_wconf 84' lang='lat' dir='ltr'>Propertium</span> <span class='ocrx_word' id='word_1_111' title='bbox 776 2053 868 2109; x_wconf 89' lang='lat' dir='ltr'>neque</span> <span class='ocrx_word' id='word_1_112' title='bbox 899 2035 976 2109; x_wconf 89' lang='lat' dir='ltr'>apud</span> <span class='ocrx_word' id='word_1_113' title='bbox 1007 2037 1101 2108; x_wconf 90' lang='lat' dir='ltr'>ipsum</span> <span class='ocrx_word' id='word_1_114' title='bbox 1132 2033 1266 2092; x_wconf 89' lang='lat' dir='ltr'>Ovidium</span> <span class='ocrx_word' id='word_1_115' title='bbox 1288 2047 1360 2092; x_wconf 88' lang='lat' dir='ltr'>oon-</span> 
     </span>
     <span class='ocr_line' id='line_1_14' title="bbox 212 2130 1361 2206; baseline -0.002 -16"><span class='ocrx_word' id='word_1_116' title='bbox 212 2134 310 2191; x_wconf 88' lang='lat' dir='ltr'>iuncta</span> <span class='ocrx_word' id='word_1_117' title='bbox 331 2133 442 2203; x_wconf 86' lang='lat' dir='ltr'>inveni3</span> <span class='ocrx_word' id='word_1_118' title='bbox 471 2134 518 2205; x_wconf 89' lang='lat' dir='ltr'>qui</span> <span class='ocrx_word' id='word_1_119' title='bbox 548 2139 651 2206; x_wconf 87' lang='lat' dir='ltr'>poetae</span> <span class='ocrx_word' id='word_1_120' title='bbox 680 2149 779 2194; x_wconf 87' lang='lat' dir='ltr'>omnes</span> <span class='ocrx_word' id='word_1_121' title='bbox 800 2151 864 2194; x_wconf 93' lang='lat' dir='ltr'>oum</span> <span class='ocrx_word' id='word_1_122' title='bbox 885 2135 944 2192; x_wconf 92' lang='lat' dir='ltr'>sint</span> <span class='ocrx_word' id='word_1_123' title='bbox 964 2135 1025 2193; x_wconf 89' lang='lat' dir='ltr'>veri</span> <span class='ocrx_word' id='word_1_124' title='bbox 1044 2130 1140 2191; x_wconf 87' lang='lat' dir='ltr'>fontes</span> <span class='ocrx_word' id='word_1_125' title='bbox 1169 2147 1203 2188; x_wconf 85' lang='lat' dir='ltr'>au</span> <span class='ocrx_word' id='word_1_126' title='bbox 1225 2130 1361 2190; x_wconf 79' lang='lat' dir='ltr'>thesauri</span> 
     </span>
    </p>
   </div>
   <div class='ocr_carea' id='block_1_3' title="bbox 105 2227 1362 2310">
    <p class='ocr_par' dir='ltr' id='par_1_4' title="bbox 105 2227 1362 2310">
     <span class='ocr_line' id='line_1_15' title="bbox 105 2227 1362 2310; baseline -0.003 -20"><span class='ocrx_word' id='word_1_127' title='bbox 105 2231 110 2242; x_wconf 95' lang='lat'><em>&#39;</em></span> <span class='ocrx_word' id='word_1_128' title='bbox 213 2232 345 2305; x_wconf 87' lang='lat' dir='ltr'>poeticae</span> <span class='ocrx_word' id='word_1_129' title='bbox 381 2232 549 2292; x_wconf 81' lang='lat' dir='ltr'>elocutionis</span> <span class='ocrx_word' id='word_1_130' title='bbox 578 2234 608 2290; x_wconf 91' lang='lat' dir='ltr'>in</span> <span class='ocrx_word' id='word_1_131' title='bbox 638 2235 882 2306; x_wconf 85' lang='lat' dir='ltr'>comparationem</span> <span class='ocrx_word' id='word_1_132' title='bbox 909 2237 1077 2310; x_wconf 80' lang='lat' dir='ltr'>constanter</span> <span class='ocrx_word' id='word_1_133' title='bbox 1104 2247 1122 2289; x_wconf 91' lang='lat' dir='ltr'>a</span> <span class='ocrx_word' id='word_1_134' title='bbox 1149 2227 1233 2288; x_wconf 88' lang='lat' dir='ltr'>uobis</span> <span class='ocrx_word' id='word_1_135' title='bbox 1262 2231 1362 2290; x_wconf 86' lang='lat' dir='ltr'>vocati</span> 
     </span>
    </p>
   </div>
   <div class='ocr_carea' id='block_1_4' title="bbox 152 2320 1431 4298">
    <p class='ocr_par' dir='ltr' id='par_1_5' title="bbox 208 2320 1361 3085">
     <span class='ocr_line' id='line_1_16' title="bbox 210 2320 1360 2405; baseline -0.001 -17"><span class='ocrx_word' id='word_1_136' title='bbox 210 2335 287 2390; x_wconf 89' lang='lat' dir='ltr'>sunt.</span> <span class='ocrx_word' id='word_1_137' title='bbox 318 2331 400 2403; x_wconf 76' lang='lat' dir='ltr'>Quod</span> <span class='ocrx_word' id='word_1_138' title='bbox 421 2348 489 2391; x_wconf 92' lang='lat' dir='ltr'>vero</span> <span class='ocrx_word' id='word_1_139' title='bbox 512 2331 629 2391; x_wconf 90' lang='lat' dir='ltr'>Ovidius</span> <span class='ocrx_word' id='word_1_140' title='bbox 649 2334 711 2405; x_wconf 90' lang='lat' dir='ltr'>ipse</span> <span class='ocrx_word' id='word_1_141' title='bbox 733 2333 762 2391; x_wconf 93' lang='lat' dir='ltr'>in</span> <span class='ocrx_word' id='word_1_142' title='bbox 785 2333 890 2391; x_wconf 88' lang='lat' dir='ltr'>ceteris</span> <span class='ocrx_word' id='word_1_143' title='bbox 909 2331 1086 2392; x_wconf 79' lang='lat' dir='ltr'>carminibus</span> <span class='ocrx_word' id='word_1_144' title='bbox 1106 2335 1205 2388; x_wconf 82' lang='lat' dir='ltr'>ratem</span> <span class='ocrx_word' id='word_1_145' title='bbox 1227 2320 1360 2388; x_wconf 78' lang='lat' dir='ltr'>Lethae-</span> 
     </span>
     <span class='ocr_line' id='line_1_17' title="bbox 212 2428 1361 2505; baseline 0.001 -20"><span class='ocrx_word' id='word_1_146' title='bbox 212 2445 265 2485; x_wconf 83' lang='lat' dir='ltr'>um</span> <span class='ocrx_word' id='word_1_147' title='bbox 297 2445 440 2502; x_wconf 89' lang='lat' dir='ltr'>nusquam</span> <span class='ocrx_word' id='word_1_148' title='bbox 470 2431 608 2505; x_wconf 87' lang='lat' dir='ltr'>adhibuit,</span> <span class='ocrx_word' id='word_1_149' title='bbox 640 2432 743 2490; x_wconf 91' lang='lat' dir='ltr'>mirum</span> <span class='ocrx_word' id='word_1_150' title='bbox 765 2447 827 2491; x_wconf 89' lang='lat' dir='ltr'>esse</span> <span class='ocrx_word' id='word_1_151' title='bbox 849 2447 907 2490; x_wconf 92' lang='lat' dir='ltr'>nou</span> <span class='ocrx_word' id='word_1_152' title='bbox 935 2430 1058 2502; x_wconf 87' lang='lat' dir='ltr'>videtur,</span> <span class='ocrx_word' id='word_1_153' title='bbox 1087 2447 1152 2489; x_wconf 89' lang='lat' dir='ltr'>oum</span> <span class='ocrx_word' id='word_1_154' title='bbox 1181 2434 1210 2488; x_wconf 90' lang='lat' dir='ltr'>ot</span> <span class='ocrx_word' id='word_1_155' title='bbox 1237 2430 1267 2488; x_wconf 91' lang='lat' dir='ltr'>in</span> <span class='ocrx_word' id='word_1_156' title='bbox 1295 2428 1361 2486; x_wconf 89' lang='lat' dir='ltr'>aliis</span> 
     </span>
     <span class='ocr_line' id='line_1_18' title="bbox 212 2527 1360 2608; baseline 0 -22"><span class='ocrx_word' id='word_1_157' title='bbox 212 2528 346 2600; x_wconf 88' lang='lat' dir='ltr'>operibus</span> <span class='ocrx_word' id='word_1_158' title='bbox 367 2533 397 2588; x_wconf 89' lang='lat' dir='ltr'>et</span> <span class='ocrx_word' id='word_1_159' title='bbox 417 2529 447 2586; x_wconf 91' lang='lat' dir='ltr'>in</span> <span class='ocrx_word' id='word_1_160' title='bbox 468 2528 513 2608; x_wconf 71' lang='lat' dir='ltr'>llis</span> <span class='ocrx_word' id='word_1_161' title='bbox 533 2530 612 2600; x_wconf 91' lang='lat' dir='ltr'>ipsis,</span> <span class='ocrx_word' id='word_1_162' title='bbox 635 2530 670 2588; x_wconf 90' lang='lat' dir='ltr'>de</span> <span class='ocrx_word' id='word_1_163' title='bbox 692 2529 795 2603; x_wconf 92' lang='lat' dir='ltr'>quibus</span> <span class='ocrx_word' id='word_1_164' title='bbox 816 2531 1004 2603; x_wconf 85' lang='lat' dir='ltr'>disputamus,</span> <span class='ocrx_word' id='word_1_165' title='bbox 1026 2530 1126 2602; x_wconf 88' lang='lat' dir='ltr'>elegiis</span> <span class='ocrx_word' id='word_1_166' title='bbox 1141 2543 1260 2601; x_wconf 85' lang='lat' dir='ltr'>magnus</span> <span class='ocrx_word' id='word_1_167' title='bbox 1275 2527 1360 2586; x_wconf 88' lang='lat' dir='ltr'>loeu-</span> 
     </span>
     <span class='ocr_line' id='line_1_19' title="bbox 209 2625 1360 2703; baseline 0 -19"><span class='ocrx_word' id='word_1_168' title='bbox 209 2628 323 2686; x_wconf 87' lang='lat' dir='ltr'>tionum</span> <span class='ocrx_word' id='word_1_169' title='bbox 351 2643 488 2688; x_wconf 84' lang='lat' dir='ltr'>numerus</span> <span class='ocrx_word' id='word_1_170' title='bbox 518 2634 623 2701; x_wconf 86' lang='lat' dir='ltr'>exstet,</span> <span class='ocrx_word' id='word_1_171' title='bbox 653 2645 726 2701; x_wconf 89' lang='lat' dir='ltr'>quae</span> <span class='ocrx_word' id='word_1_172' title='bbox 755 2629 832 2702; x_wconf 88' lang='lat' dir='ltr'>apud</span> <span class='ocrx_word' id='word_1_173' title='bbox 855 2647 920 2689; x_wconf 89' lang='lat' dir='ltr'>eum</span> <span class='ocrx_word' id='word_1_174' title='bbox 947 2645 1004 2689; x_wconf 92' lang='lat' dir='ltr'>non</span> <span class='ocrx_word' id='word_1_175' title='bbox 1025 2630 1161 2703; x_wconf 85' lang='lat' dir='ltr'>leguntur</span> <span class='ocrx_word' id='word_1_176' title='bbox 1180 2625 1235 2684; x_wconf 89' lang='lat' dir='ltr'>nisi</span> <span class='ocrx_word' id='word_1_177' title='bbox 1255 2625 1360 2684; x_wconf 87' lang='lat' dir='ltr'>semel.</span> 
     </span>
     <span class='ocr_line' id='line_1_20' title="bbox 212 2723 1360 2801; baseline -0.004 -15"><span class='ocrx_word' id='word_1_178' title='bbox 212 2725 314 2800; x_wconf 86' lang='lat' dir='ltr'>Neque</span> <span class='ocrx_word' id='word_1_179' title='bbox 342 2729 435 2786; x_wconf 89' lang='lat' dir='ltr'>minus</span> <span class='ocrx_word' id='word_1_180' title='bbox 465 2723 591 2786; x_wconf 72' lang='lat' dir='ltr'>odaeum</span> <span class='ocrx_word' id='word_1_181' title='bbox 612 2723 662 2786; x_wconf 82' lang='lat' dir='ltr'>luc</span> <span class='ocrx_word' id='word_1_182' title='bbox 683 2729 711 2801; x_wconf 82' lang='lat'>5,</span> <span class='ocrx_word' id='word_1_183' title='bbox 743 2731 794 2792; x_wconf 44' lang='lat'>34,</span> <span class='ocrx_word' id='word_1_184' title='bbox 811 2733 840 2786; x_wconf 90' lang='lat' dir='ltr'>et</span> <span class='ocrx_word' id='word_1_185' title='bbox 862 2730 892 2800; x_wconf 83' lang='lat'>2,</span> <span class='ocrx_word' id='word_1_186' title='bbox 924 2729 964 2787; x_wconf 81' lang='lat'>20</span> <span class='ocrx_word' id='word_1_187' title='bbox 990 2727 1117 2787; x_wconf 86' lang='lat' dir='ltr'>dictione</span> <span class='ocrx_word' id='word_1_188' title='bbox 1145 2739 1360 2785; x_wconf 88' lang='lat' dir='ltr'>commovemur</span> 
     </span>
     <span class='ocr_line' id='line_1_21' title="bbox 212 2821 1360 2902; baseline -0.004 -18"><span class='ocrx_word' id='word_1_189' title='bbox 212 2843 270 2885; x_wconf 92' lang='lat' dir='ltr'>non</span> <span class='ocrx_word' id='word_1_190' title='bbox 299 2828 491 2902; x_wconf 86' lang='lat' dir='ltr'>seiungendos</span> <span class='ocrx_word' id='word_1_191' title='bbox 528 2843 592 2888; x_wconf 88' lang='lat' dir='ltr'>esse</span> <span class='ocrx_word' id='word_1_192' title='bbox 620 2834 721 2900; x_wconf 86' lang='lat' dir='ltr'>poetas</span> <span class='ocrx_word' id='word_1_193' title='bbox 750 2828 886 2888; x_wconf 81' lang='lat' dir='ltr'>carminis</span> <span class='ocrx_word' id='word_1_194' title='bbox 916 2828 1012 2899; x_wconf 90' lang='lat' dir='ltr'>quinti</span> <span class='ocrx_word' id='word_1_195' title='bbox 1039 2833 1069 2886; x_wconf 89' lang='lat' dir='ltr'>et</span> <span class='ocrx_word' id='word_1_196' title='bbox 1098 2832 1261 2886; x_wconf 86' lang='lat' dir='ltr'>ceterarum</span> <span class='ocrx_word' id='word_1_197' title='bbox 1288 2821 1360 2880; x_wconf 91' lang='lat' dir='ltr'>libri</span> 
     </span>
     <span class='ocr_line' id='line_1_22' title="bbox 209 2921 1358 3000; baseline -0.006 -14"><span class='ocrx_word' id='word_1_198' title='bbox 209 2927 292 2986; x_wconf 88' lang='lat' dir='ltr'>tertii</span> <span class='ocrx_word' id='word_1_199' title='bbox 313 2927 478 3000; x_wconf 88' lang='lat' dir='ltr'>elegiarum.</span> <span class='ocrx_word' id='word_1_200' title='bbox 521 2926 634 2987; x_wconf 82' lang='lat' dir='ltr'>Eadem</span> <span class='ocrx_word' id='word_1_201' title='bbox 654 2927 744 2986; x_wconf 85' lang='lat' dir='ltr'>verba</span> <span class='ocrx_word' id='word_1_202' title='bbox 764 2933 884 3000; x_wconf 87' lang='lat' dir='ltr'>praeter</span> <span class='ocrx_word' id='word_1_203' title='bbox 906 2926 959 2986; x_wconf 87' lang='lat' dir='ltr'>hos</span> <span class='ocrx_word' id='word_1_204' title='bbox 979 2926 1060 2985; x_wconf 83' lang='lat' dir='ltr'>locos</span> <span class='ocrx_word' id='word_1_205' title='bbox 1082 2924 1159 2998; x_wconf 90' lang='lat' dir='ltr'>apud</span> <span class='ocrx_word' id='word_1_206' title='bbox 1178 2939 1266 2983; x_wconf 88' lang='lat' dir='ltr'>uuum</span> <span class='ocrx_word' id='word_1_207' title='bbox 1288 2921 1358 2981; x_wconf 90' lang='lat' dir='ltr'>0vi-</span> 
     </span>
     <span class='ocr_line' id='line_1_23' title="bbox 208 3023 795 3085; baseline 0.002 -1"><span class='ocrx_word' id='word_1_208' title='bbox 208 3025 289 3084; x_wconf 90' lang='lat' dir='ltr'>dium</span> <span class='ocrx_word' id='word_1_209' title='bbox 311 3023 462 3084; x_wconf 84' lang='lat' dir='ltr'>recurrere</span> <span class='ocrx_word' id='word_1_210' title='bbox 482 3023 560 3084; x_wconf 81' lang='lat' dir='ltr'>iufra</span> <span class='ocrx_word' id='word_1_211' title='bbox 580 3025 795 3085; x_wconf 85' lang='lat' dir='ltr'>demonstrabo.</span> 
     </span>
    </p>

    <p class='ocr_par' dir='ltr' id='par_1_6' title="bbox 152 3119 1431 4298">
     <span class='ocr_line' id='line_1_24' title="bbox 294 3119 1431 3198; baseline 0 -16"><span class='ocrx_word' id='word_1_212' title='bbox 294 3121 350 3184; x_wconf 87' lang='lat' dir='ltr'>Sed</span> <span class='ocrx_word' id='word_1_213' title='bbox 364 3125 456 3183; x_wconf 91' lang='lat' dir='ltr'>missis</span> <span class='ocrx_word' id='word_1_214' title='bbox 470 3123 544 3196; x_wconf 86' lang='lat' dir='ltr'>aliis,</span> <span class='ocrx_word' id='word_1_215' title='bbox 567 3139 649 3198; x_wconf 86' lang='lat' dir='ltr'>quae,</span> <span class='ocrx_word' id='word_1_216' title='bbox 671 3132 704 3184; x_wconf 88' lang='lat' dir='ltr'>ut</span> <span class='ocrx_word' id='word_1_217' title='bbox 719 3124 892 3186; x_wconf 89' lang='lat' dir='ltr'>sententiam</span> <span class='ocrx_word' id='word_1_218' title='bbox 905 3129 1037 3185; x_wconf 90' lang='lat' dir='ltr'>nostram</span> <span class='ocrx_word' id='word_1_219' title='bbox 1047 3124 1235 3192; x_wconf 84' lang='lat' dir='ltr'>firmaremus,</span> <span class='ocrx_word' id='word_1_220' title='bbox 1251 3119 1359 3182; x_wconf 87' lang='lat' dir='ltr'>alierre</span> <span class='ocrx_word' id='word_1_221' title='bbox 1430 3157 1431 3182; x_wconf 73' lang='lat'>1</span> 
     </span>
     <span class='ocr_line' id='line_1_25' title="bbox 152 3213 1358 3303; baseline -0.001 -23"><span class='ocrx_word' id='word_1_222' title='bbox 152 3232 157 3238; x_wconf 83' lang='grc'><em>·</em></span> <span class='ocrx_word' id='word_1_223' title='bbox 209 3229 381 3296; x_wconf 88' lang='lat' dir='ltr'>poteramus,</span> <span class='ocrx_word' id='word_1_224' title='bbox 396 3223 487 3282; x_wconf 85' lang='lat' dir='ltr'>veluti</span> <span class='ocrx_word' id='word_1_225' title='bbox 502 3223 676 3282; x_wconf 89' lang='lat' dir='ltr'>mentionem</span> <span class='ocrx_word' id='word_1_226' title='bbox 697 3223 744 3282; x_wconf 87' lang='lat' dir='ltr'>dei</span> <span class='ocrx_word' id='word_1_227' title='bbox 765 3226 813 3298; x_wconf 90' lang='lat' dir='ltr'>qui</span> <span class='ocrx_word' id='word_1_228' title='bbox 834 3229 865 3285; x_wconf 91' lang='lat' dir='ltr'>et</span> <span class='ocrx_word' id='word_1_229' title='bbox 886 3227 915 3303; x_wconf 80' lang='lat' dir='ltr'>b,</span> <span class='ocrx_word' id='word_1_230' title='bbox 938 3228 977 3286; x_wconf 79' lang='lat'>33</span> <span class='ocrx_word' id='word_1_231' title='bbox 1000 3231 1029 3284; x_wconf 90' lang='lat' dir='ltr'>et</span> <span class='ocrx_word' id='word_1_232' title='bbox 1054 3229 1080 3297; x_wconf 89' lang='lat'>1,</span> <span class='ocrx_word' id='word_1_233' title='bbox 1102 3225 1143 3283; x_wconf 83' lang='lat'>28</span> <span class='ocrx_word' id='word_1_234' title='bbox 1156 3268 1162 3282; x_wconf 90' lang='lat'>.</span> <span class='ocrx_word' id='word_1_235' title='bbox 1176 3227 1204 3294; x_wconf 89' lang='grc'>3,</span> <span class='ocrx_word' id='word_1_236' title='bbox 1227 3225 1265 3282; x_wconf 82' lang='grc'>38</span> <span class='ocrx_word' id='word_1_237' title='bbox 1291 3213 1358 3278; x_wconf 79' lang='lat' dir='ltr'>Da&#39;s</span> 
     </span>
     <span class='ocr_line' id='line_1_26' title="bbox 207 3313 1356 3404; baseline -0.003 -25"><span class='ocrx_word' id='word_1_238' title='bbox 207 3326 339 3396; x_wconf 86' lang='lat' dir='ltr'>vocatur,</span> <span class='ocrx_word' id='word_1_239' title='bbox 355 3326 385 3380; x_wconf 88' lang='lat' dir='ltr'>ot</span> <span class='ocrx_word' id='word_1_240' title='bbox 399 3337 480 3380; x_wconf 91' lang='lat' dir='ltr'>usum</span> <span class='ocrx_word' id='word_1_241' title='bbox 495 3313 623 3402; x_wconf 74' lang='lat' dir='ltr'>lympha</span> <span class='ocrx_word' id='word_1_242' title='bbox 636 3322 768 3384; x_wconf 84' lang='lat' dir='ltr'>vocabuli</span> <span class='ocrx_word' id='word_1_243' title='bbox 782 3330 813 3383; x_wconf 89' lang='lat' dir='ltr'>et</span> <span class='ocrx_word' id='word_1_244' title='bbox 826 3325 856 3384; x_wconf 93' lang='lat' dir='ltr'>in</span> <span class='ocrx_word' id='word_1_245' title='bbox 871 3341 896 3385; x_wconf 92' lang='lat' dir='ltr'>c.</span> <span class='ocrx_word' id='word_1_246' title='bbox 913 3326 941 3398; x_wconf 83' lang='lat'>5,</span> <span class='ocrx_word' id='word_1_247' title='bbox 965 3327 983 3386; x_wconf 81' lang='grc'><strong>3</strong></span> <span class='ocrx_word' id='word_1_248' title='bbox 1005 3330 1035 3384; x_wconf 91' lang='lat' dir='ltr'>et</span> <span class='ocrx_word' id='word_1_249' title='bbox 1058 3325 1086 3395; x_wconf 88' lang='grc'>6,</span> <span class='ocrx_word' id='word_1_250' title='bbox 1109 3324 1149 3382; x_wconf 85' lang='grc'>58</span> <span class='ocrx_word' id='word_1_251' title='bbox 1164 3319 1356 3404; x_wconf 77' lang='lat' dir='ltr'>occurrentis,</span> 
     </span>
     <span class='ocr_line' id='line_1_27' title="bbox 206 3419 1357 3498; baseline -0.003 -19"><span class='ocrx_word' id='word_1_252' title='bbox 206 3420 309 3480; x_wconf 83' lang='lat' dir='ltr'>stabim</span> <span class='ocrx_word' id='word_1_253' title='bbox 330 3421 368 3481; x_wconf 89' lang='lat' dir='ltr'>ad</span> <span class='ocrx_word' id='word_1_254' title='bbox 389 3437 439 3481; x_wconf 89' lang='lat' dir='ltr'>eas</span> <span class='ocrx_word' id='word_1_255' title='bbox 461 3423 619 3482; x_wconf 88' lang='lat' dir='ltr'>locutiones</span> <span class='ocrx_word' id='word_1_256' title='bbox 639 3424 764 3482; x_wconf 88' lang='lat' dir='ltr'>transire</span> <span class='ocrx_word' id='word_1_257' title='bbox 785 3424 881 3498; x_wconf 81' lang='lat' dir='ltr'>liceat,</span> <span class='ocrx_word' id='word_1_258' title='bbox 905 3439 979 3498; x_wconf 84' lang='lat' dir='ltr'>quae</span> <span class='ocrx_word' id='word_1_259' title='bbox 1001 3422 1079 3497; x_wconf 88' lang='lat' dir='ltr'>apud</span> <span class='ocrx_word' id='word_1_260' title='bbox 1100 3426 1201 3495; x_wconf 86' lang='lat' dir='ltr'>poetas</span> <span class='ocrx_word' id='word_1_261' title='bbox 1224 3419 1255 3478; x_wconf 91' lang='lat' dir='ltr'>in</span> <span class='ocrx_word' id='word_1_262' title='bbox 1276 3433 1357 3478; x_wconf 91' lang='lat' dir='ltr'>com-</span> 
     </span>
     <span class='ocr_line' id='line_1_28' title="bbox 210 3521 1357 3597; baseline -0.001 -18"><span class='ocrx_word' id='word_1_263' title='bbox 210 3523 389 3594; x_wconf 87' lang='lat' dir='ltr'>parutionem</span> <span class='ocrx_word' id='word_1_264' title='bbox 409 3526 527 3581; x_wconf 83' lang='lat' dir='ltr'>vocatos</span> <span class='ocrx_word' id='word_1_265' title='bbox 548 3539 606 3582; x_wconf 92' lang='lat' dir='ltr'>uon</span> <span class='ocrx_word' id='word_1_266' title='bbox 626 3525 763 3596; x_wconf 88' lang='lat' dir='ltr'>leguntur</span> <span class='ocrx_word' id='word_1_267' title='bbox 798 3523 852 3583; x_wconf 85' lang='lat' dir='ltr'>nisi</span> <span class='ocrx_word' id='word_1_268' title='bbox 881 3523 959 3597; x_wconf 87' lang='lat' dir='ltr'>apud</span> <span class='ocrx_word' id='word_1_269' title='bbox 987 3528 1128 3582; x_wconf 88' lang='lat' dir='ltr'>nostrum.</span> <span class='ocrx_word' id='word_1_270' title='bbox 1170 3521 1232 3580; x_wconf 88' lang='lat' dir='ltr'>lam</span> <span class='ocrx_word' id='word_1_271' title='bbox 1253 3533 1357 3590; x_wconf 85' lang='lat' dir='ltr'>quam-</span> 
     </span>
     <span class='ocr_line' id='line_1_29' title="bbox 209 3620 1358 3696; baseline -0.001 -17"><span class='ocrx_word' id='word_1_272' title='bbox 209 3635 295 3694; x_wconf 89' lang='lat' dir='ltr'>quam</span> <span class='ocrx_word' id='word_1_273' title='bbox 316 3620 454 3680; x_wconf 88' lang='lat' dir='ltr'>nonnulla</span> <span class='ocrx_word' id='word_1_274' title='bbox 474 3636 511 3680; x_wconf 85' lang='lat' dir='ltr'>ex</span> <span class='ocrx_word' id='word_1_275' title='bbox 530 3621 577 3692; x_wconf 85' lang='lat' dir='ltr'>iis,</span> <span class='ocrx_word' id='word_1_276' title='bbox 598 3637 671 3693; x_wconf 87' lang='lat' dir='ltr'>quae</span> <span class='ocrx_word' id='word_1_277' title='bbox 698 3623 867 3690; x_wconf 84' lang='lat' dir='ltr'>recensebo,</span> <span class='ocrx_word' id='word_1_278' title='bbox 895 3639 960 3682; x_wconf 92' lang='lat' dir='ltr'>cum</span> <span class='ocrx_word' id='word_1_279' title='bbox 988 3622 1066 3695; x_wconf 89' lang='lat' dir='ltr'>apud</span> <span class='ocrx_word' id='word_1_280' title='bbox 1087 3627 1196 3696; x_wconf 83' lang='lat' dir='ltr'>poetas,</span> <span class='ocrx_word' id='word_1_281' title='bbox 1223 3621 1358 3692; x_wconf 85' lang='lat' dir='ltr'>quitum</span> 
     </span>
     <span class='ocr_line' id='line_1_30' title="bbox 207 3717 1358 3798; baseline -0.004 -19"><span class='ocrx_word' id='word_1_282' title='bbox 207 3717 359 3788; x_wconf 86' lang='lat' dir='ltr'>florebant,</span> <span class='ocrx_word' id='word_1_283' title='bbox 387 3721 579 3780; x_wconf 87' lang='lat' dir='ltr'>usitatissima</span> <span class='ocrx_word' id='word_1_284' title='bbox 596 3720 684 3780; x_wconf 88' lang='lat' dir='ltr'>fuisse</span> <span class='ocrx_word' id='word_1_285' title='bbox 705 3720 867 3798; x_wconf 88' lang='lat' dir='ltr'>videantur,</span> <span class='ocrx_word' id='word_1_286' title='bbox 888 3727 986 3782; x_wconf 89' lang='lat' dir='ltr'>tamen</span> <span class='ocrx_word' id='word_1_287' title='bbox 1006 3723 1076 3796; x_wconf 83' lang='lat' dir='ltr'>quia</span> <span class='ocrx_word' id='word_1_288' title='bbox 1106 3721 1196 3780; x_wconf 85' lang='lat' dir='ltr'>mults</span> <span class='ocrx_word' id='word_1_289' title='bbox 1223 3718 1358 3778; x_wconf 81' lang='lat' dir='ltr'>carmina</span> 
     </span>
     <span class='ocr_line' id='line_1_31' title="bbox 152 3819 1355 3894; baseline -0.004 -15"><span class='ocrx_word' id='word_1_290' title='bbox 152 3853 154 3858; x_wconf 94' lang='lat'>·</span> <span class='ocrx_word' id='word_1_291' title='bbox 194 3819 361 3893; x_wconf 32' lang='lat' dir='ltr'>*praecipue</span> <span class='ocrx_word' id='word_1_292' title='bbox 382 3822 484 3880; x_wconf 86' lang='lat' dir='ltr'>aetatis</span> <span class='ocrx_word' id='word_1_293' title='bbox 504 3820 670 3894; x_wconf 86' lang='lat' dir='ltr'>Augustsao</span> <span class='ocrx_word' id='word_1_294' title='bbox 689 3822 849 3894; x_wconf 85' lang='lat' dir='ltr'>perierunt,</span> <span class='ocrx_word' id='word_1_295' title='bbox 871 3823 1042 3884; x_wconf 89' lang='lat' dir='ltr'>testimoniis</span> <span class='ocrx_word' id='word_1_296' title='bbox 1063 3819 1174 3881; x_wconf 86' lang='lat' dir='ltr'>firmari</span> <span class='ocrx_word' id='word_1_297' title='bbox 1196 3820 1355 3891; x_wconf 85' lang='lat' dir='ltr'>nequeunt,</span> 
     </span>
     <span class='ocr_line' id='line_1_32' title="bbox 207 3909 1430 4004; baseline -0.001 -27"><span class='ocrx_word' id='word_1_298' title='bbox 207 3934 314 3991; x_wconf 89' lang='lat' dir='ltr'>magna</span> <span class='ocrx_word' id='word_1_299' title='bbox 333 3919 482 3992; x_wconf 89' lang='lat' dir='ltr'>phrasium</span> <span class='ocrx_word' id='word_1_300' title='bbox 503 3934 571 3992; x_wconf 91' lang='lat' dir='ltr'>pars</span> <span class='ocrx_word' id='word_1_301' title='bbox 591 3935 609 3978; x_wconf 90' lang='lat' dir='ltr'>u</span> <span class='ocrx_word' id='word_1_302' title='bbox 633 3918 716 3980; x_wconf 88' lang='lat' dir='ltr'>nobis</span> <span class='ocrx_word' id='word_1_303' title='bbox 737 3921 919 4004; x_wconf 88' lang='lat' dir='ltr'>prioreloco</span> <span class='ocrx_word' id='word_1_304' title='bbox 939 3924 1055 3995; x_wconf 86' lang='lat' dir='ltr'>prolata</span> <span class='ocrx_word' id='word_1_305' title='bbox 1076 3936 1134 3980; x_wconf 90' lang='lat' dir='ltr'>non</span> <span class='ocrx_word' id='word_1_306' title='bbox 1156 3916 1356 3992; x_wconf 90' lang='lat' dir='ltr'>spernendum</span> <span class='ocrx_word' id='word_1_307' title='bbox 1429 3909 1430 3966; x_wconf 66' lang='grc' dir='ltr'>ἐ</span> 
     </span>
     <span class='ocr_line' id='line_1_33' title="bbox 206 4015 1356 4094; baseline -0.003 -16"><span class='ocrx_word' id='word_1_308' title='bbox 206 4020 238 4078; x_wconf 91' lang='lat' dir='ltr'>in</span> <span class='ocrx_word' id='word_1_309' title='bbox 258 4023 345 4091; x_wconf 84' lang='lat' dir='ltr'>poeta</span> <span class='ocrx_word' id='word_1_310' title='bbox 365 4017 482 4078; x_wconf 84' lang='lat' dir='ltr'>infuisse</span> <span class='ocrx_word' id='word_1_311' title='bbox 502 4020 648 4093; x_wconf 88' lang='lat' dir='ltr'>ingenium</span> <span class='ocrx_word' id='word_1_312' title='bbox 668 4019 749 4079; x_wconf 84' lang='lat' dir='ltr'>lestis</span> <span class='ocrx_word' id='word_1_313' title='bbox 763 4024 815 4086; x_wconf 88' lang='lat' dir='ltr'>est,</span> <span class='ocrx_word' id='word_1_314' title='bbox 836 4035 928 4093; x_wconf 87' lang='lat' dir='ltr'>neque</span> <span class='ocrx_word' id='word_1_315' title='bbox 950 4019 1060 4093; x_wconf 86' lang='lat' dir='ltr'>dubito,</span> <span class='ocrx_word' id='word_1_316' title='bbox 1084 4020 1152 4094; x_wconf 89' lang='lat' dir='ltr'>quin</span> <span class='ocrx_word' id='word_1_317' title='bbox 1175 4031 1226 4078; x_wconf 90' lang='lat' dir='ltr'>eae</span> <span class='ocrx_word' id='word_1_318' title='bbox 1249 4015 1285 4076; x_wconf 87' lang='lat' dir='ltr'>ab</span> <span class='ocrx_word' id='word_1_319' title='bbox 1309 4032 1356 4088; x_wconf 86' lang='lat' dir='ltr'>eo,</span> 
     </span>
     <span class='ocr_line' id='line_1_34' title="bbox 208 4115 1357 4193; baseline -0.001 -17"><span class='ocrx_word' id='word_1_320' title='bbox 208 4117 257 4190; x_wconf 92' lang='lat' dir='ltr'>qui</span> <span class='ocrx_word' id='word_1_321' title='bbox 280 4115 386 4176; x_wconf 91' lang='lat' dir='ltr'>librum</span> <span class='ocrx_word' id='word_1_322' title='bbox 407 4118 527 4176; x_wconf 89' lang='lat' dir='ltr'>tertium</span> <span class='ocrx_word' id='word_1_323' title='bbox 548 4119 670 4192; x_wconf 88' lang='lat' dir='ltr'>scripsit,</span> <span class='ocrx_word' id='word_1_324' title='bbox 700 4120 832 4178; x_wconf 83' lang='lat' dir='ltr'>inventae</span> <span class='ocrx_word' id='word_1_325' title='bbox 853 4123 884 4178; x_wconf 90' lang='lat' dir='ltr'>et</span> <span class='ocrx_word' id='word_1_326' title='bbox 914 4121 944 4178; x_wconf 91' lang='lat' dir='ltr'>in</span> <span class='ocrx_word' id='word_1_327' title='bbox 972 4136 1056 4180; x_wconf 90' lang='lat' dir='ltr'>usum</span> <span class='ocrx_word' id='word_1_328' title='bbox 1083 4120 1226 4193; x_wconf 87' lang='lat' dir='ltr'>poeticum</span> <span class='ocrx_word' id='word_1_329' title='bbox 1257 4124 1357 4176; x_wconf 89' lang='lat' dir='ltr'>trans-</span> 
     </span>
     <span class='ocr_line' id='line_1_35' title="bbox 205 4209 1355 4298; baseline 0.001 -24"><span class='ocrx_word' id='word_1_330' title='bbox 205 4217 284 4276; x_wconf 85' lang='lat' dir='ltr'>latae</span> <span class='ocrx_word' id='word_1_331' title='bbox 306 4217 371 4276; x_wconf 92' lang='lat' dir='ltr'>sint.</span> <span class='ocrx_word' id='word_1_332' title='bbox 415 4215 477 4288; x_wconf 76' lang='lat' dir='ltr'>Quo</span> <span class='ocrx_word' id='word_1_333' title='bbox 499 4218 529 4275; x_wconf 92' lang='lat' dir='ltr'>in</span> <span class='ocrx_word' id='word_1_334' title='bbox 551 4233 671 4280; x_wconf 87' lang='lat' dir='ltr'>numero</span> <span class='ocrx_word' id='word_1_335' title='bbox 693 4218 765 4278; x_wconf 87' lang='lat' dir='ltr'>haec</span> <span class='ocrx_word' id='word_1_336' title='bbox 787 4217 896 4278; x_wconf 86' lang='lat' dir='ltr'>habere</span> <span class='ocrx_word' id='word_1_337' title='bbox 925 4219 1025 4279; x_wconf 89' lang='lat' dir='ltr'>velim:</span> <span class='ocrx_word' id='word_1_338' title='bbox 1056 4234 1159 4278; x_wconf 78' lang='lat' dir='ltr'>avemo</span> <span class='ocrx_word' id='word_1_339' title='bbox 1184 4209 1355 4298; x_wconf 80' lang='lat' dir='ltr'>perlucens</span> 
     </span>
    </p>
   </div>
   <div class='ocr_carea' id='block_1_5' title="bbox 0 0 1452 4838">
    <p class='ocr_par' dir='ltr' id='par_1_7' title="bbox 0 0 1452 4838">
     <span class='ocr_line' id='line_1_36' title="bbox 0 0 1452 4838; baseline 0 3"><span class='ocrx_word' id='word_1_340' title='bbox 0 0 1452 4838; x_wconf 95' lang='lat' dir='ltr'> </span> 
     </span>
    </p>
   </div>
  </div>
 </body>
</html>
