2894 4838
750 343 788 399 66

193 547 269 606 bene
293 545 422 615 accepta,
444 555 616 614 quamquam
639 557 721 602 mera
734 540 901 602 coniectura
915 543 1056 618 nituntur,
1078 561 1161 604 suam
1180 544 1342 620 probabili-

195 651 286 706 tatem
312 635 461 718 habent.¹)
511 639 570 701 Sed
597 641 701 700 mirum
729 639 859 713 proiecto
889 647 973 715 esset,
1007 643 1181 714 siOvidins,
1215 649 1264 720 qui
1286 650 1340 710 ad-

130 733 138 756 '
196 743 311 806 modum
332 744 443 802 invenis
463 742 516 800 bns
529 741 638 814 elegias
659 739 809 814 scripsisse
822 738 946 806 videtur,
967 743 1096 813 quamvis
1110 745 1230 818 egregia
1244 744 1342 806 indole

194 845 344 922 praeditus
373 847 459 913 esset,
495 856 560 900 cnm
588 839 667 899 nullo
694 839 780 900 modo
807 855 901 914 neque
929 842 959 900 in
980 841 1110 902 versibus
1130 845 1341 905 concinnandis

193 944 382 1018 limandisque
403 956 497 1015 neque
517 940 547 998 in
561 940 712 1000 sententiis
733 936 880 998 variandis
902 944 932 998 et
953 941 1148 1014 perpoliendis
1169 943 1201 1002 in
1220 941 1340 1018 fastigio

194 1043 375 1106 Tibullornm
396 1042 507 1115 positus
529 1043 614 1109 esset,
634 1043 731 1097 tamen
752 1039 811 1096 iam
832 1042 894 1098 tum
913 1038 943 1098 in
957 1040 1114 1100 amicitiam
1135 1042 1241 1102 doctae
1261 1043 1341 1103 illins

194 1144 332 1216 cohortis,
365 1157 452 1216 quam
475 1142 589 1209 vocant,
611 1139 745 1197 venisset.
787 1136 889 1211 Neque
909 1139 1002 1198 minus
1031 1142 1136 1200 mnam
1156 1150 1235 1201 esset
1271 1145 1338 1204 Ovi-

194 1245 281 1315 dium,
303 1244 329 1302 si
348 1241 406 1302 iam
426 1239 522 1314 prima
541 1238 689 1298 iuventute
716 1237 793 1297 illins
822 1242 920 1297 coetus
939 1239 1033 1298 socius
1054 1237 1163 1314 inisset,
1196 1258 1337 1318 nusquam

117 1399 126 1422 ,
194 1346 277 1404 huius
297 1344 341 1402 rei
361 1345 392 1400 in
414 1338 589 1398 carminibus
609 1338 783 1397 mentionem
804 1337 916 1397 iecisse.

277 1441 332 1502 His
350 1440 441 1516 igitnr
461 1439 638 1514 argumentis
657 1441 814 1498 commotus
836 1438 905 1496 viris
933 1439 1025 1498 doctis
1052 1440 1138 1500 aliam
1160 1445 1337 1502 sententiam

193 1558 333 1620 propono,
356 1557 429 1615 quae
450 1555 507 1599 uno
520 1538 684 1598 testimonio
697 1536 808 1596 murari
829 1537 943 1598 videtur
957 1553 1052 1611 posse.
1094 1539 1239 1600 Tibullum
1259 1545 1337 1603 enim

195 1645 304 1703 Romae
324 1641 418 1699 locum
438 1638 541 1698 summi
562 1637 655 1697 critici
676 1637 799 1696 tenuisse
827 1643 857 1698 et
878 1643 960 1698 tanta
982 1639 1155 1698 anctoritate
1177 1640 1274 1716 fuisse,
1304 1651 1338 1704 nt

194 1757 251 1802 uon
281 1740 376 1811 modo,
408 1739 457 1812 qni
485 1743 580 1798 artem
606 1737 749 1810 poeticam
776 1735 951 1809 primoribus
979 1736 1069 1797 labris
1090 1739 1264 1816 attigissent,
1287 1746 1337 1804 sed

193 1843 280 1903 etiam
300 1845 403 1914 poetae
429 1838 534 1898 eximio
564 1836 680 1910 ingenio
708 1836 833 1908 praediti
863 1837 926 1896 eius
955 1835 1062 1896 indicia
1093 1839 1339 1912 amplecterentur

193 1947 223 2000 et
243 1943 442 2013 sequerentur,
463 1953 499 1996 ex
520 1935 635 1995 Horatii
658 1936 742 2009 epist.
765 1936 789 2005 I,
813 1938 842 2008 4,
870 1940 884 1995 1
909 1937 1036 1995 conicio:

392 2027 478 2106 Albi,
499 2039 676 2092 nostrorum
695 2051 872 2094 aerumnam
895 2027 1030 2092 candide
1050 2028 1156 2110 indm,

193 2137 243 2212 qni
262 2137 343 2196 locus
364 2149 422 2194 non
444 2132 481 2194 ab
503 2133 633 2194 omnibns
654 2139 788 2194 accurata
802 2134 961 2209 explicatus
980 2141 1033 2194 est.
1076 2137 1150 2197 Sane
1170 2139 1244 2198 alios
1266 2158 1339 2214 quo-

193 2254 249 2311 qne
271 2240 369 2296 aetate
383 2235 533 2310 Angustos
553 2233 669 2293 criticos
690 2249 824 2306 magnam
838 2232 917 2305 apud
931 2248 1030 2293 omnes
1044 2235 1152 2292 artium
1171 2236 1340 2296 liberalium

193 2338 303 2410 peritos
322 2336 529 2395 anctoritatem
543 2332 678 2392 habuisse
693 2332 853 2405 complures
867 2332 923 2391 loci
945 2332 1071 2394 eiusdem
1086 2335 1201 2395 Horatii
1214 2337 1336 2398 docent:

192 2435 281 2494 veluti
302 2451 374 2507 quae
397 2432 482 2494 affert
503 2433 539 2492 da
561 2432 699 2504 Quintilio
720 2432 800 2491 Varo
821 2433 851 2490 in
872 2431 968 2506 Epist.
990 2433 1027 2502 ΙΙ,
1051 2434 1080 2504 3,
1102 2436 1172 2494 438.

276 2531 317 2592 Ut
339 2548 426 2606 supra
446 2531 575 2606 vidimus,
598 2530 634 2589 de
655 2545 686 2589 se
700 2528 817 2590 Ovidius
837 2531 898 2606 ipse
918 2530 1086 2596 confitetur:
1147 2592 1150 2604 ,

402 2625 503 2714 Inque
522 2648 614 2690 suam
634 2624 748 2704 furam
770 2622 869 2688 Massa
889 2625 1031 2690 trahebat
1051 2649 1135 2712 opus.

193 2735 270 2794 Puer
297 2733 388 2807 igitur
415 2749 482 2793 oum
513 2736 598 2805 patra
624 2736 654 2790 et
681 2729 773 2790 fratre
795 2727 930 2791 Sulmone
959 2733 1066 2806 oppido
1087 2733 1189 2793 relicto
1210 2731 1339 2796 Romam

193 2831 341 2904 profectus
368 2831 468 2905 (Trist.
491 2831 541 2903 IV,
568 2834 615 2903 10,
640 2833 677 2890 15
697 2828 755 2907 sq.)
785 2845 850 2889 cnm
871 2831 973 2890 studiis
995 2834 1188 2905 grammaticis
1216 2841 1247 2894 et
1267 2837 1337 2896 rhe·
1430 2849 1431 2908 ς

194 2932 293 2992 toricis
321 2929 359 2989 ab
388 2930 596 3002 illustrissimis,
628 2931 760 3004 quitum
781 2935 873 3002 erant,
907 2932 1053 3006 magistris
1080 2931 1206 2994 imbutus
1228 2943 1332 3008 poetas
1430 2917 1431 2944 ³

193 3032 291 3104 legere
311 3031 467 3102 coepisset,
489 3032 556 3088 mox
577 3029 607 3084 in
630 3043 763 3088 sermone
783 3031 899 3104 poetico
920 3031 962 3090 ita
982 3037 1114 3092 versatus
1134 3039 1188 3108 ast,
1209 3039 1242 3094 nt
1262 3038 1338 3096 mul·

194 3136 240 3190 toa
274 3129 343 3190 inde
375 3125 469 3188 flores
493 3129 669 3199 decerperet.
722 3129 872 3202 Reliquiae
907 3135 1004 3191 autem
1036 3131 1138 3192 horum
1169 3137 1337 3196 iuvenilium

193 3230 381 3302 speciminum
404 3225 537 3285 videntur
557 3226 627 3286 mihi
646 3243 707 3288 esse
728 3231 858 3290 carmina
879 3229 915 3290 ad
939 3230 1084 3291 Neaeram
1104 3235 1230 3307 scripta,
1261 3251 1338 3310 quae

194 3327 295 3402 quanti
315 3325 499 3386 aestimanda
520 3333 624 3400 essent,
646 3334 679 3388 nt
692 3329 877 3399 iudicaretur,
899 3330 1016 3391 Ovidius
1038 3332 1075 3391 ad
1090 3331 1234 3393 Tibullum
1256 3338 1338 3395 criti-

191 3442 256 3485 cum
286 3428 446 3487 transmisit
468 3426 571 3488 Publio
599 3431 786 3501 praenomine
812 3448 877 3491 cum
905 3429 1075 3506 ,Lygdamo‘
1111 3435 1266 3508 nescioquo
1299 3436 1337 3496 de

191 3540 280 3585 cansa
299 3531 420 3586 mumto.
462 3527 497 3586 In
520 3526 624 3586 Tibulli
652 3535 748 3588 autem
776 3531 890 3590 scriniis
911 3530 1040 3590 carmina
1064 3531 1202 3596 ovidiana
1225 3549 1336 3596 nonum

190 3624 254 3684 iere
273 3642 383 3686 anuum
404 3625 575 3699 premebant
596 3635 626 3688 et
648 3645 712 3688 cnm
734 3632 852 3692 criticus
879 3631 928 3692 ille
949 3632 1081 3707 idemque
1103 3633 1338 3708 elegantissimus

192 3870 280 3936 quarti
299 3867 447 3918 Tibulliani
464 3869 565 3933 positus
584 3883 617 3918 ex
637 3874 776 3935 poetarum
794 3875 871 3922 coetu
892 3871 920 3922 in
939 3871 1049 3923 Corvini
1068 3871 1146 3924 domo
1164 3871 1339 3924 versantibus
1429 3881 1430 3948 ᾗ

191 3955 322 4022 originem
350 3953 457 4004 duxisse
482 3954 583 4018 nequit,
609 3954 631 4004 si
659 3954 722 4020 quid
746 3955 833 4016 video,
856 3963 883 4007 et
907 3957 1020 4010 diversis
1038 3957 1124 4010 modis
1149 3958 1183 4008 de
1200 3955 1337 4024 Sulpiciae

192 4041 315 4107 epistulis
333 4039 449 4090 iudicari
467 4054 544 4105 posse
562 4041 630 4092 mihi
648 4042 763 4094 ridetur.

263 4147 282 4216 ¹)
310 4151 364 4204 Neo
388 4157 474 4203 tamen
500 4153 555 4204 ullo
578 4153 655 4205 modo
681 4155 789 4222 probari
812 4155 920 4208 ridetur
938 4173 1024 4224 poseo,
1052 4157 1124 4224 quod
1143 4157 1252 4208 Hankel
1279 4155 1339 4224 (‚'dc

192 4239 358 4303 panegyrico
377 4239 403 4288 in
422 4237 585 4292 Massaliam‘
610 4243 639 4292 in
664 4243 730 4292 actis
749 4257 801 4293 soc.
821 4245 884 4308 phil.
904 4244 975 4309 inps.
994 4245 1017 4292 V
1036 4261 1061 4309 p.
1082 4241 1125 4309 71)
1145 4243 1260 4295 coniecit
1279 4257 1342 4294 eor·

193 4324 266 4385 poris
285 4323 433 4380 Tibulliani
452 4325 546 4374 edendi
566 4328 702 4391 negotium
721 4331 870 4394 suscepisse
888 4329 1064 4396 Lygdamum.
