2894 4838
693 235 843 323 ,11-

278 431 383 491 Omnes
405 432 596 506 synaloephas
618 445 770 492 recensere
784 445 848 491 cum
870 434 988 505 longum
1009 434 1054 509 511,
1077 434 1132 494 hoc
1153 453 1240 496 unum
1254 437 1354 498 liceat

194 546 321 600 monere,
344 548 401 591 non
423 537 501 591 recte
523 530 557 590 L.
578 531 752 591 Muellerum
773 532 802 588 in
824 529 888 588 Tib.
911 530 1002 602 praef·
1025 547 1053 603 5.
1069 531 1157 590 XXX
1178 537 1354 610 scripsisse:
1430 559 1431 570 1

195 629 268 696 ,Nec
283 646 353 690 vero
372 629 554 703 pyrrichiuca
569 626 669 689 cadem
683 630 783 688 littera
799 625 855 706 (m)
870 629 954 689 finita
969 623 1174 704 synaloepham
1189 636 1355 705 patiuntur

195 731 365 803 insequente
378 732 516 801 correpte
530 729 576 788 151
590 727 693 799 acuta,
709 745 781 786 nam
800 728 939 790 eiusmodi
962 729 1095 789 elisiones
1117 709 1180 789 cum
1203 747 1360 806 nusquam
1430 708 1432 805 1

194 830 226 888 15
246 827 321 887 libro
343 829 428 888 tertio
450 829 643 902 reperientur,
666 829 742 900 apud
765 827 909 888 Tibullum
917 825 946 903 ⁴I,
964 830 992 902 5,
1012 832 1036 887 i.
1053 829 1070 888 5
1088 823 1174 905 (5115
1193 829 1243 906 IV,
1260 833 1287 903 6,
1311 829 1358 908 5)
1430 831 1432 880 i

194 928 345 1002 leguntur·
1087 911 1090 918 ¹
1150 941 1153 947 ’

282 1025 327 1086 De
349 1028 454 1085 ceteris
477 1025 608 1097 quaeda
636 1026 795 1084 hexametri
823 1029 949 1086 caesuris
978 1028 1237 1090 animaduertenda
1265 1036 1357 1104 sunt,
1431 1007 1432 1012 ἵ

196 1125 284 1185 aucas
313 1125 347 1184 n.
369 1125 542 1184 Muellerum
571 1121 948 1200 (11551551511111)
976 1131 1008 1187 5
1034 1109 1255 1188 15155515
1285 1127 1356 1202 (ne

195 1224 308 1285 artibus
338 1239 408 1296 quas
432 1222 561 1282 [tibullus
583 1230 613 1282 et
635 1223 800 1298 Lygdamus
821 1226 851 1283 in
873 1225 1005 1285 versibus
1031 1227 1235 1288 concinnandis
1264 1227 1357 1288 adhi-

196 1324 331 1396 buerunt,
353 1322 436 1382 Halis
460 1321 562 1397 1814).
604 1392 610 1406 ι
798 1318 801 1326 ’

279 1423 322 1484 Ut
346 1423 402 1482 hoc
431 1423 545 1496 addam,
570 1423 700 1482 Tibullus
726 1423 880 1482 duodecies
903 1425 1157 1498 semiseptenariae
1183 1419 1274 1498 genus
1303 1426 1357 1485 ita

198 1521 344 1590 adhibuit,
366 1530 398 1582 51
418 1524 643 1584 trithemimeres
665 1539 723 1581 non
746 1523 844 1583 addite
871 1524 908 1581 sit
938 1521 973 1598 (Ι,
999 1527 1024 1592 1,
1048 1525 1095 1582 35.
1120 1527 1153 1591 25
1167 1520 1211 1584 ΙΙ25
1226 1569 1232 1582 .
1246 1515 1295 1583 63.
1321 1527 1356 1594 7,

197 1625 247 1680 51.
271 1624 300 1694 8,
324 1625 351 1681 7.
380 1625 426 1694 10,
451 1626 499 1682 37.
536 1623 575 1695 ΙΙ,
602 1628 627 1696 1,
653 1625 700 1682 35.
725 1625 753 1693 3,
776 1623 893 1682 25.71.
916 1623 944 1696 5,
970 1625 1015 1679 11.
1040 1625 1066 1693 6,
1090 1625 1139 1681 29.
1175 1623 1224 1693 IV,
1239 1626 1266 1695 6,
1281 1621 1354 1698 13),

198 1737 254 1796 qua
276 1723 307 1781 in
328 1738 400 1781 rea
429 1722 572 1799 Lygdami
599 1729 629 1782 51
659 1722 752 1783 Ovidii
782 1738 836 1782 usn
865 1721 1002 1780 abhorret
1033 1718 1097 1794 (511.
1123 1719 1258 1791 Eichner,
1286 1721 1356 1782 Be-

198 1822 379 1896 merhungen
398 1822 471 1883 dher
493 1823 550 1883 den
572 1824 748 1883 metrisohen
762 1823 823 1881 und
836 1820 1052 1896 rhythmischen
1073 1818 1145 1892 Bon,
1164 1820 1250 1878 sowie
1272 1818 1356 1877 dher

199 1920 255 1979 den
275 1921 428 1982 Gebreuch
450 1923 503 1981 der
525 1924 765 1982 Homoeoteleuta
786 1925 816 1980 in
839 1921 894 1981 den
917 1921 1069 1982 Distichen
1092 1919 1141 1980 des
1163 1917 1273 1992 (151511,
1296 1917 1353 1976 Ti-

198 2020 266 2091 buli,
289 2019 416 2092 Propera
437 2019 496 2078 und
519 2019 599 2091 ovid,
623 2018 735 2078 Gnoson
762 2022 851 2091 1875,
872 2037 901 2092 p.
925 2016 966 2097 9).

281 2118 434 2179 Postremo
457 2120 494 2180 de
515 2119 696 2194 dactylorum
719 2123 749 2179 51
770 2119 963 2192 spondeorum
982 2135 1035 2192 per
1059 2119 1242 2178 hexametros
1272 2131 1349 2189 pen-

198 2224 394 2295 tametrosqne
414 2222 569 2281 mixtorum
591 2221 846 2282 ratione'acturns
868 2235 939 2280 snm.
976 2216 1142 2280 Cuiusmodi
1164 2219 1352 2292 quaestiones

199 2335 265 2380 cnm
292 2320 399 2379 abhinc
427 2323 526 2391 paucis
554 2323 636 2379 annis
663 2323 769 2381 eviris
798 2322 890 2382 doctis
913 2321 1027 2379 institui
1050 2323 1170 2393 coeptae
1196 2301 1262 2385 sint,
1289 2331 1354 2374 non

201 2434 235 2476 ee
257 2433 344 2490 quom
365 2433 412 2475 res
434 2419 618 2477 desiderabat
640 2419 790 2490 diligentia
811 2422 954 2477 tractatae
977 2425 1053 2476 sunt.
1096 2417 1171 2476 Nem
1193 2430 1264 2488 quos
1294 2432 1354 2474 nu-

200 2531 292 2574 meros
315 2513 401 2573 effert
422 2515 567 2589 Hultgren
589 2517 608 2572 l.
630 2532 656 2572 c.
678 2532 706 2587 5.
733 2517 852 2573 17-21
883 2517 913 2571 in
933 2513 1038 2572 tabulis
1058 2513 1088 2569 X
1111 2517 1144 2571 et·
1161 2513 1205 2571 XI
1228 2519 1257 2570 51
1277 2514 1351 2584 XII,

200 2613 300 2688 quibus
329 2614 364 2674 de
395 2613 523 2672 distichis
555 2613 658 2672 Tibulli
687 2613 792 2687 agitur,
816 2614 842 2672 ei
863 2613 1016 2672 maximam
1038 2616 1151 2687 partem
1179 2611 1243 2669 15151
1272 2617 1354 2670 sunt.

201 2713 321 2773 Accedit
341 2693 588 2786 quoo'Huttgrsn
610 2712 781 2773 Teuffelium
803 2689 917 2773 secutus
939 2709 1260 2787 perversumordihem
1283 2725 1353 2770 551-

200 2814 309 2872 minum
331 2812 559 2872 Tibullianorum
581 2815 752 2875 constituite
784 2815 900 2888 Quare
923 2819 1082 2873 commotus
1108 2811 1175 2870 hes⁴
1190 2817 1279 2870 nouus
1301 2813 1351 2870 15-

200 2915 289 2974 bellas
310 2918 448 2973 accurate
470 2911 589 2986 confeci,
614 2915 769 2989 inquibus
792 2917 921 2975 carmina
942 2918 1060 2986 praeter
1085 2913 1212 2971 minores
1239 2895 1352 2982 elegias

200 3012 267 3073 libri
289 3014 386 3085 quarti
407 3014 568 3086 suspicione
590 3029 648 3073 non
671 3019 805 3074 carentes
831 3029 865 3073 eo
887 3013 1028 3084 temporis
1050 3010 1160 3086 ordine,
1182 3025 1237 3083 qno
1260 3026 1277 3070 a
1298 3009 1352 3066 Ti·

202 3112 279 3172 bullo
301 3114 365 3186 ipso
385 3113 493 3186 5511515
515 3129 576 3202 5555
598 3119 677 3188 5515,
702 3114 844 3212 disposita
865 3112 1003 3185 reperies.
1027 3119 1031 3130 “
