2894 4838
598 305 746 395 L

97 517 259 576 lese-entem
274 513 338 569 arta
353 524 417 566 cum
430 505 545 565 Tibullo
558 506 765 567 consuetudine
776 508 958 566 coniunctum
970 504 1056 566 inisse
1075 509 1240 568 testimonio

95 617 153 677 illo
180 611 346 676 clarissimo,
366 607 442 680 quod
462 611 558 666 exstat
577 605 715 694 inTrist.
736 605 786 664 lib.
806 607 847 666 IV
871 623 895 665 c.
920 610 957 667 10
975 623 1001 665 v.
1024 609 1061 666 51
1084 623 1136 680 sq.:

655 783 710 824 aec
731 784 844 824 amara
870 760 989 826 Tibullo

351 875 469 946 tempas
490 861 649 925 amicitiae
663 860 743 945 fata
764 859 876 925 dedere
898 882 983 925 meae

99 1040 183 1094 certo
206 1048 262 1093 non
284 1030 431 1088 evincitur.
473 1027 501 1085 A
522 1042 579 1099 quo
601 1041 678 1084 anno
699 1025 772 1084 haec
793 1027 967 1086 consuetudo
989 1028 1100 1086 initium
1123 1029 1242 1105 ceperit,

99 1151 170 1194 cum
198 1131 356 1190 accuratius
388 1127 535 1202 explorari
567 1131 702 1198 nequeat,
723 1127 959 1185 verisimillimum
988 1133 1032 1187 est
1062 1144 1126 1186 eam
1155 1129 1242 1216 paulo

103 1241 172 1293 ante
192 1234 249 1291 iter
268 1229 305 1289 ab
328 1229 428 1289 Ouidio
442 1243 495 1301 per
510 1224 661 1285 Graeciam
676 1230 705 1283 et
718 1225 818 1283 Asiam
840 1227 980 1286 minorem
1004 1226 1110 1286 facturn
1131 1229 1243 1288 initium

102 1334 221 1406 cepisse,
254 1345 321 1389 mox
351 1333 448 1386 tamen
480 1325 588 1385 Tibulli
618 1329 709 1382 morte
739 1332 925 1397 praematura
956 1344 1017 1386 esse
1045 1329 1243 1402 interceptam.

104 1433 187 1506 Quod
208 1432 232 1490 si
253 1435 334 1489 recte
355 1429 474 1499 conieci,
497 1426 620 1500 epistola
641 1425 692 1484 illa
712 1421 775 1483 fere
796 1441 872 1483 anno
895 1442 921 1485 a.
944 1427 1012 1488 Chr.
1033 1429 1166 1488 vicesimo
1187 1444 1243 1488 uno

102 1534 173 1592 data
193 1537 237 1591 est
258 1529 297 1590 ad
318 1530 433 1598 amicos,
456 1541 511 1601 quo
533 1525 612 1584 Naso
632 1525 690 1582 iter
710 1525 854 1599 ingressus
877 1534 928 1589 est.
962 1529 1017 1601 Qui
1037 1531 1166 1602 quamvis
1186 1529 1244 1586 iam

102 1637 192 1691 autea
223 1629 366 1688 Tibullum
394 1629 539 1702 cognitum
569 1624 701 1696 haberet,
723 1626 871 1686 inclinatio
898 1629 1037 1701 quaedam
1065 1630 1244 1689 voluntatum

103 1736 173 1806 post
193 1731 315 1789 recitata
336 1727 449 1787 demum
471 1727 608 1800 carmina,
632 1724 734 1797 quibus
757 1725 913 1787 Corinnam
940 1728 1243 1804 celebravitOvidius,

102 1833 173 1891 vinis
204 1830 311 1890 criticis
342 1844 454 1887 summa
484 1826 570 1885 laude
598 1830 718 1897 accepta
739 1827 757 1882 i.
780 1831 892 1899 apost
915 1844 941 1885 a.
963 1830 1002 1884 22
1024 1828 1102 1888 iacta
1132 1831 1245 1890 videtur

103 1947 178 1991 csse.
221 1929 338 1990 Ovidius
358 1935 457 1986 autem
475 1928 598 1985 Romam
618 1925 707 1984 rediit
727 1927 805 1984 circa
827 1942 854 1983 a.
881 1928 926 1998 18,
950 1943 1005 1999 quo
1025 1925 1137 1987 Tibullo
1153 1931 1245 1989 amico
1344 1982 1350 1992 .

105 2045 211 2088 recens
235 2035 349 2087 mortuo
370 2043 533 2100 supremum
548 2024 673 2084 officium
686 2013 880 2100 honoremque
895 2026 1014 2087 daturus
1028 2028 1245 2089 celeberrimum

104 2129 178 2188 illud
207 2143 323 2187 carmen
353 2125 476 2201 lugubre
506 2123 582 2199 (Am.
603 2126 656 2192 ΠΙ,
681 2125 711 2189 9)
733 2127 857 2200 scripsit.
902 2126 973 2208 Cum
1002 2131 1033 2189 in
1061 2131 1158 2190 multis
1181 2131 1244 2190 aliis

105 2233 167 2286 tum
186 2229 217 2286 in
239 2233 337 2288 nostro
365 2227 494 2286 carmine
521 2231 635 2285 secutus
651 2221 708 2284 ¹est
730 2226 814 2284 amici
835 2228 997 2299 exemplum
1020 2229 1154 2288 Ovidius:
1177 2246 1245 2290 con·

106 2328 184 2386 ieras
205 2345 231 2386 v.
253 2329 309 2385 26:

304 2452 348 2516 Ec
368 2449 504 2536 raficam
524 2453 634 2536 paccio
656 2463 794 2536 tempora
812 2431 923 2537 prisca
944 2477 1038 2519 senec

105 2613 170 2656 cum
191 2594 256 2656 Tib.
278 2596 301 2666 Ι,
326 2599 374 2668 10,
397 2596 452 2653 44:

305 2721 464 2807 Temporis
486 2735 515 2786 et
532 2725 633 2808 prisci
646 2724 744 2808 jacta
764 2723 885 2807 rejicere
906 2747 1016 2790 semem.

189 2866 256 2925 Alia
277 2851 368 2938 nequi
389 2883 481 2939 acque
502 2865 599 2925 valida
618 2871 685 2924 sunt
705 2871 875 2941 argumenta
897 2881 921 2924 e.
944 2883 971 2940 g.
992 2884 1018 2925 v.
1041 2870 1059 2926 8
1083 2885 1123 2923 :
1144 2869 1207 2931 Tib.
1221 2873 1245 2939 Ι,

110 2969 139 3037 6,
160 2967 200 3022 22
222 2971 252 3022 ct
272 2982 298 3022 v.
319 2967 336 3020 7
357 2987 399 3016 =
421 2964 485 3024 Tib.
507 2966 531 3040 I,
554 2967 583 3040 2,
607 2967 656 3039 81;
678 2981 729 3025 eae
751 2967 827 3025 enim
849 2969 1008 3028 sententiae
1037 2970 1167 3030 omnibns
1188 2972 1246 3033 ele-

108 3066 220 3138 giarum
241 3065 332 3138 poetis
353 3082 517 3125 communes
538 3071 631 3125 erant.

188 3165 309 3225 Accedit
330 3167 406 3238 quod
426 3168 504 3224 inter
525 3165 621 3225 Ovidii
642 3168 748 3226 amicos
769 3174 833 3227 erat
853 3174 957 3240 poetae
981 3185 1053 3228 unus
1074 3187 1109 3230 ex
1131 3172 1245 3231 amicis·

107 3265 185 3322 simis
212 3263 253 3322 M.
275 3264 407 3324 Valerius
440 3265 579 3324 Messalla
609 3266 756 3336 Corvinus,
788 3266 991 3327 celeberrimus
1012 3269 1070 3328 dux
1095 3274 1125 3327 et
1145 3277 1246 3330 orator

111 3365 372 3438 elegantiarumque
407 3366 573 3425 litterarum
605 3365 680 3425 bene
710 3367 894 3440 intellegens,
928 3368 1004 3440 quod
1037 3368 1153 3428 Ovidius
1184 3372 1244 3446 ipse

108 3468 238 3536 testatur,
263 3481 326 3523 cum
347 3465 505 3525 Messalino
526 3466 683 3526 Messallae
704 3465 763 3524 filio
784 3464 893 3525 scribat
913 3467 985 3525 haec
998 3468 1028 3525 in
1043 3484 1087 3539 ep.
1103 3485 1138 3527 ex
1160 3470 1244 3529 Pont.

107 3563 132 3630 Ι,
155 3565 185 3637 7,
208 3565 247 3622 27
269 3581 326 3638 sq.:

304 3728 358 3770 aec
380 3718 450 3770 tace
471 3720 513 3771 eet
533 3707 656 3794 qeaitcr
674 3731 730 3774 moe
750 3709 902 3794 infitiatus
923 3712 1045 3790 amicos,

342 3805 482 3870 hortator
502 3806 600 3870 stadii
620 3829 776 3894 causaque
793 3809 916 3894 facque
936 3813 1008 3876 mei.

190 3959 346 4020 Messallae
367 3967 465 4021 autem
486 3964 582 4022 villam
603 3956 690 4024 fuisse
713 3965 744 4023 in
767 3981 837 4038 agro
858 3965 996 4027 Arretino
1017 3985 1106 4043 prope
1127 3967 1242 4029 fluvium

110 4058 251 4130 quendam
279 4061 364 4118 sitam
384 4061 469 4121 docet
491 4061 650 4135 epistolium
672 4064 815 4137 Sulpiciae
838 4065 916 4136 (Tib.
938 4066 980 4124 iv
1001 4084 1025 4126 c.
1047 4067 1080 4139 8)
1103 4087 1128 4128 v.
1151 4071 1170 4127 3
1191 4087 1242 4144 sq.:

226 4181 363 4248 Dulcius
383 4187 460 4252 arbe
481 4185 558 4274 qaid
578 4189 643 4252 eet?
665 4212 708 4252 aa
728 4188 804 4254 viiia
825 4191 866 4254 sit
887 4203 964 4276 apta
980 4193 1107 4280 paellae
1221 4269 1223 4274 ,

310 4285 410 4372 Atque
430 4289 579 4353 Arretino
592 4287 739 4375 fripidae
760 4291 862 4354 ammae
882 4292 983 4376 apro?
