2894 4838
695 253 712 308 e

1330 349 1374 428 t!

130 453 329 528 impudentem
350 451 381 509 in
402 451 517 510 modum
537 453 668 524 excussit,
681 469 766 526 quam
783 455 913 512 nonnulli
927 470 991 512 eum
1007 452 1108 513 iecisse
1123 471 1159 513 ex
1175 463 1275 517 nostro

131 555 263 612 carmine
291 551 436 625 colligunt.
478 551 570 610 Immo
598 551 767 626 ubicumque
799 555 893 612 simile
914 555 1022 628 aliquid
1050 553 1129 622 iecit,
1149 554 1277 616 habebat

133 653 262 721 Ovidius,
280 651 356 723 qnod
371 651 451 722 sequi
464 651 654 724 amplectique
668 653 756 711 vebat
777 669 868 726 neque
889 653 1041 713 omittebat
1061 655 1165 713 leviter
1184 657 1274 730 signi-

133 753 231 818 ficare,
252 751 320 824 quid
340 750 396 809 sibi
417 750 524 809 vellent
543 751 599 811 hae
620 753 804 824 imitationes,
825 752 889 810 cum
910 760 960 812 aut
980 758 1096 825 poetam
1122 755 1152 812 iu
1176 758 1275 830 proxi·

136 852 188 910 mis
210 849 338 908 versibus
361 851 524 909 nominaret
546 857 596 909 aut
617 849 771 910 artificium
792 854 822 910 in
842 868 875 910 re
896 833 1094 913 adumbranda
1115 854 1273 926 adhiberet,

131 951 212 1024 quod
234 949 339 1022 peritis
369 965 491 1023 poeseos
520 951 589 1009 viris
619 949 774 1010 sufficeret.
826 952 905 1023 Quae
932 968 980 1012 res
1015 955 1085 1012 mibi
1113 957 1274 1014 certissima

133 1051 256 1120 ridetur,
278 1055 432 1122 postquam
445 1049 589 1108 Antonius
611 1050 753 1123 Zingerle,
769 1068 843 1124 qnae
863 1051 951 1112 fuerit
965 1055 1058 1113 Ovidii
1071 1070 1119 1114 ars
1132 1056 1273 1128 imitandi,

132 1148 209 1210 libro
237 1151 431 1222 copiosissimo
460 1155 490 1208 et
511 1166 616 1224 magna
644 1150 730 1209 laude
759 1151 846 1226 digno
872 1153 998 1224 ,Ovidius
1029 1155 1087 1213 und
1115 1155 1175 1214 sein
1197 1157 1274 1214 Ver·

135 1249 276 1308 haeltniss
295 1266 330 1308 zu
352 1249 409 1308 den
430 1250 640 1325 Vorgaengern
659 1250 720 1308 und
741 1251 958 1326 gleichzeitigen
984 1255 1164 1314 roemischen
1187 1256 1275 1315 Dich-

136 1349 212 1408 tern‘
244 1349 407 1423 Oenoponti
440 1351 604 1408 1869-71
621 1347 642 1424 ¹)
688 1351 901 1411 demonstravit.
951 1354 996 1413 Ac
1026 1372 1063 1414 ne
1096 1371 1131 1413 ea
1161 1355 1284 1428 quidem

134 1451 249 1509 silentio
276 1453 516 1524 praetermittam,
547 1467 620 1524 quae
649 1451 785 1524 leguntur
812 1452 891 1534 apud
923 1453 1020 1512 Senec.
1042 1470 1150 1514 suasor.
1179 1455 1231 1526 111,
1256 1457 1274 1512 5

132 1550 195 1621 (ed.
217 1549 390 1624 Kieeslingl:
421 1550 499 1623 ,Hoc
525 1535 624 1609 etitem
649 1551 764 1610 dicebat
792 1549 885 1612 Gallio
906 1553 1014 1612 Nasoni
1036 1567 1087 1613 suo
1108 1554 1191 1613 valde
1213 1556 1274 1626 pla-

133 1651 239 1722 cuisse3
272 1652 369 1722 itaque
395 1639 495 1710 fecisse
522 1651 620 1722 illum,
646 1651 722 1723 quod
750 1653 780 1710 in
801 1653 897 1711 multis
918 1655 981 1712 aliis
1001 1653 1131 1713 versibus
1152 1655 1274 1729 Vergilii

133 1751 254 1822 fecerat,
282 1767 340 1810 non
368 1749 546 1825 subripiendi
577 1767 677 1823 causa,
708 1752 759 1810 sed
789 1754 885 1824 palam
911 1755 1061 1813 mutuandi
1082 1747 1186 1834 (eulqo
1210 1756 1274 1814 imi-

134 1848 239 1925 tandi),
267 1851 322 1911 hoc⁴
351 1853 446 1910 animo
475 1855 507 1908 ut
537 1851 623 1909 vellet
661 1851 803 1925 agnosci‘
849 1851 983 1926 Exempli
1016 1857 1112 1927 gratia
1142 1855 1274 1914 conferas

129 1951 186 2010 ¹0v.
216 1949 302 2009 'lbist
331 1950 370 2021 11,
400 1953 460 2008 447
489 1967 550 2023 sqq.
580 1972 623 1998 =
652 1951 712 2010 Tib.
736 1951 759 2026 Ι,
783 1954 811 2024 6,
834 1955 853 2010 7
874 1969 944 2026 sqq.;
977 1953 1063 2012 Trist.
1086 1954 1123 2025 ΙΙ,
1146 1955 1204 2012 451
1229 1969 1271 2027 sq.

135 2071 178 2098 ==
207 2048 270 2108 Tib.
291 2051 315 2124 I,
340 2051 367 2122 6,
390 2050 429 2108 25
460 2067 513 2122 sq.;
543 2049 628 2108 Trist.
650 2051 688 2122 ll,
712 2055 772 2110 458
796 2075 832 2100 =
857 2051 920 2111 Tib.
942 2053 965 2128 I,
991 2056 1018 2125 6,
1046 2056 1097 2127 163
1128 2054 1193 2114 Am.
1221 2055 1273 2126 111,

135 2154 162 2224 9,
187 2151 297 2210 3334
319 2173 362 2199 =
383 2150 446 2210 Tib.
467 2151 492 2217 I,
516 2153 544 2222 3,
571 2151 709 2220 23-26;
742 2152 807 2210 Am.
829 2152 883 2224 ΙΙΙ,
908 2156 935 2226 9,
957 2155 1080 2212 49-52
1102 2175 1145 2204 ==
1164 2155 1228 2213 Tib.
1251 2155 1275 2222 I,

134 2257 163 2325 3,
186 2254 285 2322 5-83
308 2253 396 2310 Trist.
418 2251 456 2322 H,
479 2252 538 2308 534
561 2272 604 2300 ==
625 2251 712 2323 Verg.
736 2252 810 2310 Aen.
832 2253 854 2323 Ι,
880 2256 904 2324 1;
929 2269 964 2310 ex
986 2251 1070 2311 Pont.
1093 2254 1143 2324 IV,
1163 2257 1209 2325 16,
1234 2257 1273 2312 34

132 2374 178 2401 =
199 2353 281 2411 Grat.
304 2367 404 2424 cynag.
426 2353 475 2410 23.
1265 2342 1268 2348 '

220 2450 276 2510 Sed
296 2467 361 2509 oum
382 2449 498 2508 Ovidius
518 2467 631 2510 uersum
654 2453 691 2510 18
706 2467 731 2509 e.
749 2450 766 2507 5
789 2468 875 2525 saepe
896 2453 1024 2525 citatum,
1047 2469 1132 2527 quem
1154 2470 1217 2512 cum
1239 2471 1274 2512 ex

133 2551 278 2625 Lygdami
300 2552 427 2610 carmine
448 2551 662 2626 deprompsisse
686 2551 821 2630 eredunt,
844 2553 871 2610 ei
893 2552 1003 2625 elegiae
1032 2555 1196 2626 inseruerit,
1218 2571 1276 2626 qua

131 2658 262 2711 mortuos
283 2657 416 2711 auctores
437 2653 562 2725 itemque
582 2652 691 2710 amicos
711 2653 790 2710 vivos
812 2647 896 2726 grato
916 2654 1020 2738 pioque
1041 2655 1274 2714 animooomme·
1346 2691 1348 2695 .

133 2752 266 2823 moravit,
288 2767 356 2810 num
377 2751 532 2810 verisimile
553 2757 598 2810 est
618 2752 673 2810 hoo
693 2752 768 2824 loco,
790 2753 838 2824 qni
858 2750 946 2809 fuerit
966 2754 1140 2824 aptissimus,
1161 2759 1194 2812 ut
1213 2755 1275 2813 eins

134 2851 470 2922 mentioneminioeret,
499 2851 580 2909 cuius
600 2852 722 2924 vestigia
744 2855 773 2908 et
796 2851 827 2910 in
850 2851 992 2924 prioribus
1012 2851 1169 2912 Amoribus
1194 2860 1224 2914 et
1244 2855 1274 2913 in

135 2953 191 3012 hoc
211 2955 275 3027 ipso
296 2952 421 3011 carmine
443 2955 621 3024 sequoretur,
636 2950 672 3010 ab
688 2950 789 3010 Ovidio
811 2952 933 3010 amicum
951 2967 1033 3011 suum
1048 2952 1092 3011 vel
1114 2953 1274 3028 exemplum

134 3052 223 3127 impio
244 3051 360 3112 silentio
381 3051 616 3126 praetermissum
638 3050 723 3111 esse?
758 3053 879 3112 Accedit
897 3052 972 3126 quod
986 3055 1173 3126 repetitiones
1187 3056 1273 3128 paulo

131 3154 262 3214 nauatae
290 3151 328 3210 ad
354 3152 449 3224 ipsum
475 3149 547 3209 illud
575 3167 692 3210 carmen
717 3153 847 3225 quintum
874 3153 1026 3213 continuae
1056 3153 1124 3212 inde
1145 3168 1163 3211 a
1182 3170 1210 3211 v.
1235 3155 1272 3210 16

131 3252 298 3312 referuntur
317 3244 369 3326 (cl.
390 3249 500 3323 supra).
544 3251 623 3322 Quae
644 3269 709 3310 cnm
729 3253 771 3311 ita
792 3253 857 3322 sint,
883 3252 1029 3312 affirmare
1051 3254 1142 3313 ausim
1163 3269 1199 3312 ex
1228 3269 1272 3322 eo,

133 3353 183 3424 qui
214 3353 246 3410 in
278 3352 370 3424 elegia
399 3350 499 3422 quinta
530 3367 607 3409 nunc
636 3357 732 3411 exstet
759 3358 897 3411 contextu
925 3353 1081 3425 ordineque
1109 3351 1270 3424 verborum,

134 3441 235 3510 versus
265 3451 342 3524 apud
363 3449 496 3510 Ovidium
527 3457 712 3511 occurrentes
742 3453 862 3512 haustos
891 3467 964 3511 esse.
1006 3451 1172 3511 Nemeum
1202 3452 1274 3512 nibil

224 3727 241 3797 ¹)
261 3733 299 3783 Oi.
319 3733 448 3799 imprimis
466 3751 492 3802 p.
510 3737 544 3786 56
561 3736 626 3786 fasc.
646 3737 672 3787 1:
710 3736 778 3800 ,Wie
798 3737 868 3788 ovid
886 3737 944 3787 bier
968 3735 1024 3803 (bei
1044 3735 1096 3786 den
1116 3735 1273 3786 corniolen

132 3817 348 3886 Entlehnungen)
366 3819 483 3872 bewusst
499 3820 554 3872 und
572 3837 605 3871 au
620 3823 709 3888 jenem
728 3825 896 3874 bestimmten
909 3824 1008 3874 Zweck
1026 3823 1179 3874 tibullisobe
1190 3824 1273 3875 Versa

134 3908 183 3956 mit
209 3907 300 3956 seineu
324 3907 437 3973 eigcnen
461 3908 624 3959 verflochtcn
650 3909 703 3973 het,
727 3923 756 3960 so
778 3911 851 3960 kann
871 3925 904 3961 ee
927 3911 974 3961 der
1002 3910 1140 3976 spielende
1163 3910 1275 3961 Dichter

133 3991 203 4044 wohl
221 3992 291 4043 auch
308 3992 379 4043 noch
398 3992 466 4042 diter
483 4009 517 4044 au
535 3993 651 4046 anderen
669 3995 797 4047 Zwecken
816 3996 978 4048 ebrichtlich
1001 3995 1099 4063 gethan
1118 3996 1215 4065 haben,
1231 4012 1274 4048 uro
1333 4045 1335 4048 .

133 4093 163 4128 es
180 4093 230 4128 uns
245 4080 313 4143 jetat
337 4079 382 4130 bei
409 4078 456 4129 der
479 4086 565 4132 ersten
590 4082 706 4134 Lektiire
730 4084 807 4134 nicht
825 4084 899 4134 mehr
917 4099 946 4134 so
965 4083 1015 4134 iu‘s
1033 4086 1110 4150 Auge
1127 4083 1200 4145 sellu
1219 4070 1274 4134 wc'r

133 4165 219 4227 weiss,
238 4165 272 4216 ob
292 4181 321 4226 er
340 4163 424 4217 durch
442 4167 533 4220 eolche
552 4169 694 4234 Ankltnge
712 4169 788 4220 nicht
806 4170 953 4224 mancbmal
971 4170 1042 4220 aeine
1061 4168 1274 4222 Gelebrssmlrcit

132 4250 227 4315 aeigen
245 4249 310 4323 oder
327 4253 419 4302 seincn
438 4255 539 4306 Lescrn
559 4256 619 4305 eine
636 4255 725 4306 kleiue
744 4255 968 4325 Ueberreschuug
985 4257 1103 4308 bereiten
1122 4255 1239 4306 wolltei‘
