2894 4838
614 262 763 350 A

193 461 275 522 Iuter
295 477 394 520 omues
415 465 512 520 autem
532 459 601 518 libri
621 460 704 518 tertii
725 458 835 531 elegias
854 459 980 516 maximo
1000 459 1198 534 mythologiae
1217 460 1260 518 ni-

85 567 176 644 ·tore
199 575 315 618 carmen
338 564 472 634 quartum
494 563 665 617 exornatum
688 563 740 617 est.
782 556 829 616 De
849 557 930 616 euius
951 573 977 615 v.
1002 560 1054 616 17:

275 676 349 740 Iam
371 674 449 740 Nox
471 675 642 740 &iberiam
662 675 765 760 aiqris
787 697 909 737 emensa
930 674 1099 762 quadrupes

103 807 450 882 paueaaduoiarelieeat.
458 806 548 866 Reate
556 804 840 865 enimBroukhusius
849 805 1075 866 monetNoetem
1083 805 1167 864 deam
1175 806 1260 880 vulgo

105 907 185 980 bigis
196 906 272 977 vehi,
286 911 319 964 ut
334 905 410 980 apud
428 905 513 964 Varr.
525 904 559 963 L.
571 905 607 964 L.
618 903 654 974 V,
676 905 722 961 19.
743 903 831 976 Vorg.
843 902 917 962 Aen.
934 905 971 980 V,
993 906 1062 962 721.
1081 905 1145 964 Val.
1163 905 1260 965 Flauo

33 1065 34 1076 ,
104 1006 183 1079 Arg.
193 1003 248 1080 Ill,
262 1006 332 1076 211,
344 1019 516 1078 quamquam
524 1003 727 1077 Heynepaene
740 1002 840 1061 eodem
858 1002 944 1062 modo
957 1019 976 1060 a
988 1002 1118 1076 Vergilio
1129 1001 1262 1064 Aurorae

32 1151 34 1168 .
103 1104 194 1177 bigas
205 1103 290 1174 (Aen.
299 1103 364 1176 VII,
377 1098 431 1179 26)
444 1107 474 1161 et
485 1101 641 1176 quadrigas
653 1101 715 1174 (Vl,
726 1101 799 1172 535)
811 1101 895 1160 datas
908 1117 970 1160 esse
981 1099 1152 1162 observavit.
1164 1103 1261 1166 Simile

103 1202 266 1275 quidquam
289 1217 343 1262 ueo
367 1201 443 1277 apud
465 1201 611 1260 Tibullum
632 1217 687 1259 neu
709 1201 786 1273 apud
808 1199 941 1262 Ovidium
962 1202 1068 1259 iuveni.
1097 1201 1180 1274 Quod
1200 1207 1261 1262 stu·

103 1302 189 1361 dium
208 1305 303 1360 miuus
325 1303 435 1361 usitata
454 1299 623 1375 proferendi
644 1301 732 1360 etiam
752 1301 783 1359 iu
794 1302 881 1360 rebus
896 1301 1094 1375 geographicis
1109 1302 1261 1374 cognosci·

105 1407 170 1461 tur.
211 1402 247 1460 In
267 1403 356 1460 tertio
377 1403 454 1460 anim
475 1401 604 1460 carmine
625 1418 652 1459 v.
677 1403 726 1460 13.
757 1400 794 1456 14
815 1401 888 1457 haee
908 1399 1057 1473 leguntur:

230 1527 350 1606 Quidve
372 1527 481 1592 domam
505 1528 633 1614 prodest
653 1528 804 1616 Pbryya‘a'e
824 1531 940 1596 imoimo
962 1530 1129 1608 columnia,

274 1625 420 1692 Taenare
440 1628 506 1692 eive
527 1629 599 1706 tuis,
621 1629 687 1692 aive
712 1627 882 1715 Caryste
908 1632 978 1696 uois}

105 1767 248 1838 Carystus
269 1773 367 1828 autem
387 1769 524 1840 oppidum
544 1769 575 1828 iu
596 1769 693 1828 insula
713 1768 837 1829 Euboea
850 1770 937 1828 situm
952 1771 1031 1830 Oaha
1052 1775 1159 1842 monte,
1181 1771 1260 1830 ouius

81 1913 83 1918 .
105 1882 240 1926 marmor
253 1865 417 1939 carystium
432 1867 650 1928 celeberrimum
664 1875 736 1940 erat,
752 1872 906 1928 maximam
921 1867 1027 1926 lamam
1041 1867 1175 1927 habebat.
1196 1866 1259 1925 Iam

104 1980 285 2037 quamquam
298 1965 354 2024 hoe
366 1947 494 2025 marmor
515 1965 594 2039 apud
614 1967 767 2027 historicos
789 1973 819 2026 et
840 1969 996 2041 scriptores
1013 1957 1155 2028 neturblis
1168 1967 1259 2024 histo-

105 2064 174 2122 riae
194 2080 248 2122 nee
268 2065 362 2124 miuus
385 2067 462 2139 apud
483 2071 585 2140 poetas
617 2067 787 2138 posterioris
808 2069 945 2140 temporis
973 2082 1059 2140 saepe
1088 2080 1258 2126 commemo·

106 2167 202 2238 ratur,
224 2167 323 2222 tamen
344 2181 486 2237 nusquam
509 2165 587 2239 apud
608 2169 710 2237 poetas
731 2165 864 2240 Augusto
893 2167 1029 2239 aequales
1058 2169 1191 2239 repperi3
1222 2165 1259 2224 ef.

106 2261 173 2319 Lis.
196 2264 246 2334 32,
272 2264 311 2318 16
332 2279 374 2334 aq.
396 2261 471 2319 Plin.
492 2265 521 2335 4,
545 2267 595 2335 21,
617 2267 646 2322 2.
663 2269 711 2335 36,
738 2265 766 2337 7,
793 2267 872 2330 1.8,
890 2270 915 2323 1.
939 2265 1039 2324 Saneu.
1060 2264 1167 2323 Troad.
1188 2265 1259 2322 846.

105 2360 223 2418 Luean.
239 2359 268 2429 5,
285 2361 356 2418 232.
378 2359 451 2420 Stat.
467 2355 555 2420 Th'eb.
575 2364 604 2434 7,
624 2363 697 2421 370.
717 2363 778 2422 silv.
793 2364 821 2435 2,
838 2365 867 2435 2,
884 2364 932 2421 93.
954 2363 1042 2422 Mart.
1059 2363 1087 2434 9,
1103 2363 1152 2421 76.
1174 2361 1258 2434 Apud

108 2456 244 2515 Ouidium
265 2457 346 2516 Fast.
366 2459 416 2535 IV,
439 2461 499 2519 282
522 2461 610 2521 semel
631 2463 690 2536 legi
711 2455 798 2520 ouda
823 2455 985 2544 Carystos.

193 2553 239 2615 De
260 2557 334 2630 aliis,
364 2575 439 2631 quae
459 2560 528 2620 huie
549 2561 612 2620 loeo
634 2561 763 2623 inserere
784 2567 924 2636 poteram,
947 2561 1024 2622 inira
1044 2563 1133 2624 verba
1154 2563 1259 2623 faciam

106 2656 140 2712 iu
161 2657 256 2728 eapite
278 2657 343 2728 vn,
365 2657 417 2716 ubi
444 2659 482 2719 do
507 2657 605 2719 verbis
634 2663 665 2720 iu
695 2661 769 2722 libro
798 2663 886 2721 tertio
915 2663 1094 2724 sollemniter
1121 2662 1259 2722 adhibitis

106 2753 261 2813 disseram.
