2894 4838
739 273 887 364 ml}—

242 476 342 541 ditnm,
364 472 441 546 quod
464 472 489 530 si
509 470 582 530 bene
603 468 711 528 cultum
731 467 828 541 fuerit,
852 483 932 542 spem
953 466 1046 528 bonae
1067 467 1159 544 frugis
1181 473 1316 534 daturum
1337 476 1388 534 sit.

241 574 309 634 Non
332 590 368 633 ex
389 571 487 646 quovis
507 570 587 644 ligno
608 568 642 628 fit
663 569 778 644 Apollo.
821 568 882 628 lam
904 567 1047 628 Tibullum
1075 569 1205 630 iuvenem
1226 575 1388 634 eiusmodi

242 675 373 735 carmina
393 667 519 731 scribere
540 669 588 728 vix
609 685 644 729 ac
664 685 700 729 ne
720 671 768 728 vix
788 667 904 742 quidem
924 669 1051 742 potuisse
1072 668 1219 742 concedet,
1244 674 1292 744 qni
1313 674 1390 733 haec

242 771 482 836 consideraverit:
526 769 614 831 Ruris
636 783 718 829 amor
739 775 769 828 et
790 768 912 845 agresda
934 768 1010 827 ritae
1032 767 1177 841 dulcisque
1199 771 1250 827 otii
1271 770 1387 831 deside-

241 877 316 934 rium
337 888 402 932 cum
423 871 453 931 in
476 868 670 943 compluribus
690 870 783 942 poetis
804 871 938 944 Angusto
953 865 1119 942 aequalibus
1132 863 1273 927 fervidum
1286 867 1390 944 suerit,

241 975 272 1034 in
293 973 372 1034 nullo
393 978 453 1032 tarn
474 974 539 1030 arat
559 967 665 1028 ardens
685 973 825 1042 tantaque
845 985 910 1028 cum
931 969 1007 1027 vitae
1035 966 1167 1028 urbanae
1194 972 1224 1028 et
1251 967 1390 1042 publicae

241 1073 458 1145 contemptione
485 1069 666 1130 coniunctum
693 1083 780 1142 quam
808 1068 839 1127 in
867 1067 988 1128 Tibullo.
1032 1065 1087 1126 (lui
1114 1068 1192 1130 ruris
1218 1069 1310 1127 amori
1334 1068 1390 1128 ubi

241 1173 401 1248 paenarum
423 1183 552 1230 amoram
573 1166 729 1241 addideris,
752 1167 933 1228 Tibullianae
953 1167 1050 1240 poesis
1072 1165 1133 1226 fare
1154 1181 1294 1227 summam
1317 1165 1389 1228 effe·

242 1270 354 1346 caris.¹)
397 1269 545 1330 Describit
565 1267 644 1329 enim
663 1268 781 1341 negotia
800 1267 919 1339 rustica,
934 1267 1089 1342 religiones
1105 1281 1202 1328 rerum
1216 1269 1390 1343 agrestium,

241 1375 362 1435 deorum
389 1369 477 1430 festos
502 1368 575 1441 dies,
603 1367 817 1442 simplicitatem
837 1382 964 1436 auream,
990 1374 1019 1427 et
1040 1374 1185 1443 tamquam
1205 1365 1286 1428 filum
1307 1385 1393 1429 com·

240 1472 393 1547 positionis
419 1485 473 1543 per
504 1469 601 1527 omnia
629 1467 758 1527 carmina
791 1466 963 1528 interlucent
989 1471 1085 1529 teneri
1112 1474 1143 1530 et
1170 1469 1249 1530 beati
1279 1471 1394 1529 amoris

240 1574 370 1638 affectus,
392 1569 431 1629 ed
462 1583 535 1641 quos
555 1565 676 1627 tandem
697 1565 794 1626 omnia
814 1571 996 1628 revocantur.
1040 1569 1152 1630 Similia
1171 1569 1279 1630 frustm
1300 1585 1394 1643 quae-

240 1687 289 1732 ras
315 1671 346 1729 in
377 1667 452 1728 libro
476 1666 579 1738 tertio;
609 1664 647 1724 de
673 1666 755 1724 cuiue
781 1671 954 1740 argomento
975 1669 1083 1741 optime
1103 1670 1242 1730 iudicavit
1262 1672 1336 1730 Voss
1358 1672 1393 1728 in

240 1771 374 1832 versione
395 1767 500 1828 Tibulli
528 1784 557 1840 p.
579 1763 636 1826 XV
656 1762 747 1838 praef.
771 1765 859 1825 baec:
903 1765 974 1838 ‚Der
999 1767 1166 1828 Liebhaber
1193 1770 1246 1830 der
1271 1771 1395 1830 Neaera

241 1871 319 1942 singt
344 1868 406 1928 sein
431 1865 601 1925 treckenes:
645 1863 695 1924 Ich
723 1863 809 1934 liebs,
830 1864 891 1924 und
911 1866 1006 1926 werde
1032 1869 1231 1943 versohmaht;
1261 1867 1308 1927 ich
1330 1870 1396 1929 will

240 1967 369 2029 sterben.
407 1967 469 2027 vWo
498 1966 538 2024 ist
566 1963 674 2024 frisone
705 1963 919 2039 Lebendiglseit
946 1967 977 2025 in
1005 1967 1059 2027 der
1079 1966 1287 2044 Ammnrungr
1331 1969 1394 2029 Wo

241 2070 288 2130 die
308 2081 446 2138 namen,
469 2065 523 2124 mit
550 2064 622 2124 Sinn
651 2063 874 2140 ausgahobenen
904 2064 983 2138 nge
1005 2064 1058 2123 der
1084 2072 1187 2127 treuen
1217 2069 1393 2138 Sebosucht,

240 2169 293 2229 des
314 2166 487 2229 heimbohan
508 2163 756 2241 Verstdndnissas,
777 2164 829 2224 der
851 2162 1041 2224 erdndsamen
1062 2166 1144 2225 List:
1167 2166 1257 2226 dmob
1279 2169 1393 2229 welche

241 2268 345 2339 Tibull,
368 2267 554 2340 beginstiget
574 2264 645 2324 oder
665 2263 832 2339 verdrangt
854 2266 933 2325 seina
953 2263 1044 2324 Liebe
1065 2267 1198 2340 semigar.
1210 2267 1322 2326 erkltrt
1344 2269 1392 2328 als
1438 2267 1439 2343 l

240 2361 397 2428 daretellt?
440 2365 497 2424 Wo
519 2380 573 2421 nur
595 2365 643 2422 ein
663 2363 741 2422 Laut
757 2364 840 2440 jones
862 2358 1044 2425 dem'Tibnd
1066 2367 1186 2441 eigenen
1200 2365 1320 2428 Gefdhls
1340 2367 1393 2428 fiir

239 2463 454 2536 Lindlichkeit,
483 2460 532 2520 fiir
559 2461 612 2522 der
638 2461 769 2522 Aokerer
798 2462 857 2522 und
884 2462 990 2523 Hirten
1017 2465 1222 2538 unsobuldiges
1244 2467 1390 2539 Verkehr‚

239 2567 287 2626 fiir
308 2565 355 2625 die
375 2561 463 2623 Teste
490 2557 542 2621 der
567 2561 759 2636 Landgbttem
780 2559 827 2620 fllr
856 2561 903 2622 die
927 2563 1180 2624 alterthitmlioben
1207 2565 1304 2624 Laren
1333 2564 1391 2624 des

239 2665 446 2730 Veterhanaes‚
466 2658 514 2720 fur
538 2659 585 2720 dia
608 2660 760 2721 einfachsn
777 2660 943 2723 Erbstdoke
959 2663 1012 2722 der
1024 2663 1156 2737 Familia,
1177 2661 1225 2724 fur
1246 2666 1326 2724 aeine
1347 2682 1389 2725 an

240 2762 568 2841 Jngendennnsmngen
587 2761 684 2821 reiche
704 2760 786 2834 Tlur,
807 2761 867 2822 und
888 2778 945 2838 was
959 2761 1006 2822 die
1020 2752 1167 2824 Mess‘rute
1181 2763 1234 2823 der
1247 2764 1389 2824 Soldaten

239 2866 300 2925 ihm
320 2859 537 2926 entiremdete?¹
575 2859 672 2921 Selbst
694 2871 740 2922 uo
769 2860 948 2936 dringsnder
968 2861 1075 2922 Aniass
1095 2879 1164 2940 uer,
1194 2864 1246 2923 der
1272 2861 1390 2925 Neaera

240 2965 289 3024 die
299 2963 375 3022 nach
392 2961 445 3022 der·
459 2959 674 3034 Verehlicbung
692 2961 734 3018 sie
752 2959 953 3019 eruartenden
963 2961 1170 3022 Landsreuden
1183 2979 1219 3021 ru
1233 2963 1386 3036 achildem,

240 3062 323 3140 giebt
343 3064 390 3122 ihr
411 3062 524 3136 Stagos
543 3060 574 3118 in
595 3058 648 3118 der
670 3058 780 3118 dritten
801 3057 903 3131 Ellegie
923 3073 980 3116 nur
995 3059 1239 3134 Gemeimprdche
1253 3061 1324 3122 tiber
1338 3063 1387 3123 die

239 3164 422 3236 Nichtigkeit
456 3158 570 3220 reicher
606 3159 790 3233 Besinungen
816 3173 855 3217 au
889 3156 1133 3230 Marmorpalast,
1166 3161 1385 3236 sintrltgliohem

241 3262 362 3335 (iefilde,
388 3260 473 3333 Gold,
495 3259 600 3319 Perlen
628 3257 688 3319 und
716 3257 841 3333 Purpur,
870 3255 932 3317 und
953 3257 1084 3356 sobliesst
1108 3259 1162 3317 mit
1189 3259 1253 3319 dem
1279 3260 1386 3320 kshlen

169 3381 173 3390 ·
241 3361 351 3423 Ausruf
370 3361 436 3437 (III,
459 3361 487 3434 3,
509 3353 661 3436 23-24):

390 3489 443 3542 Mir
461 3489 500 3541 ssi
518 3503 575 3540 arm
594 3487 755 3540 hanshaltan
772 3487 821 3540 mit
839 3487 881 3539 dir
898 3488 941 3540 ain
959 3483 1096 3556 Babagsm
1115 3489 1224 3541 Neaera.

338 3581 340 3586 '
438 3575 516 3627 Obne
535 3573 597 3626 dieb
617 3577 707 3626 waren
725 3573 776 3624 mir
793 3574 863 3626 auch
881 3575 1112 3641 Kbnigeswilrdsn
1130 3576 1267 3629 verberat!

327 3699 471 3772 Quantum
500 3696 591 3770 igitur
618 3693 656 3754 ab
685 3695 740 3755 boc
768 3693 857 3754 distat
884 3693 1014 3754 Tibullus
1034 3697 1110 3755 vitae
1139 3697 1267 3756 rusticae
1293 3697 1382 3757 laeto·

241 3815 362 3871 rumque
390 3811 520 3858 amorum
549 3809 655 3870 praeco
684 3791 859 3854 indefessnsl
905 3796 984 3868 Quae
1013 3795 1120 3868 ingenii
1141 3795 1251 3855 indoles
1275 3795 1330 3854 iem
1351 3799 1380 3854 in

242 3901 343 3973 primis
373 3896 548 3957 carminibus
577 3912 605 3954 a·
626 3894 741 3955 Tibullo
772 3894 937 3969 compositis
966 3897 1118 3969 perspicue
1147 3901 1277 3970 apparet.
1328 3897 1381 3970 Qui

315 4179 336 4245 ²)
354 4178 430 4230 Mitto
449 4167 700 4242 enim‘ldaratbum,
719 4177 795 4231 onius
812 4193 887 4232 amor
900 4178 932 4230 ad
947 4193 1004 4230 eam
1023 4177 1055 4230 de
1074 4193 1127 4246 qua
1147 4179 1236 4246 agitne
1254 4195 1307 4231 rom
1324 4179 1377 4230 nul·

243 4265 296 4318 lius
314 4265 371 4316 dors
389 4265 516 4317 momenti
533 4271 580 4316 ast.
