2894 4838
642 741 769 854 Gneus
797 739 871 824 Vl.

264 931 410 990 Tibullum
431 931 520 1004 igitur
540 931 691 1002 quominus
714 931 838 1003 quinque
859 929 910 988 illa
930 928 997 987 libri
1011 928 1091 985 tertii
1105 929 1236 986 earmina
1250 944 1330 988 com·

180 1033 308 1104 posuisse
331 1030 490 1102 credamus,
514 1029 648 1101 quouiam
671 1033 700 1086 et
724 1035 896 1104 argumento
911 1027 1098 1102 prohibemur
1112 1031 1143 1086 et
1159 1043 1191 1085 re
1206 1029 1332 1086 metrica

181 1136 211 1192 et
231 1146 287 1189 usu
307 1128 450 1202 loquendi,
480 1127 639 1200 quaeritur,
667 1129 730 1201 quis
750 1130 802 1188 illa
822 1132 956 1201 poemata
985 1127 1130 1199 punxerit.
1175 1126 1268 1198 Quam
1296 1129 1330 1186 in

181 1246 243 1290 rem
264 1234 417 1303 postquam
439 1227 538 1286 dedita
561 1243 651 1300 opera
678 1228 733 1287 viri
760 1228 839 1287 docti
867 1227 1083 1300 inquisiverunt,
1113 1226 1239 1284 maxima
1259 1243 1331 1298 pars

180 1330 266 1389 etiam
288 1344 364 1386 nuno
386 1329 451 1401 quis
473 1327 579 1400 librum
608 1329 727 1386 tertium
756 1327 961 1399 conscripserit
992 1325 1079 1398 plane
1109 1324 1238 1398 ignorari
1272 1341 1332 1382 nec

177 1428 254 1487 ultra
275 1428 514 1502 progrediendum
537 1443 600 1486 esse
621 1432 747 1486 censent.
768 1417 771 1422 “
808 1426 865 1485 Sed
888 1441 952 1484 oum
973 1425 1046 1484 Voss
1068 1439 1131 1482 eam
1152 1424 1333 1496 quaestionis

178 1533 300 1601 partem,
330 1544 402 1599 quae
425 1527 461 1586 ad
483 1526 629 1585 Tibullum
650 1530 762 1600 spectat
784 1529 940 1594 auctorem,
970 1523 1077 1595 optime
1097 1523 1330 1593 examinatisset,

177 1632 244 1684 ante
258 1625 311 1684 hos
327 1641 378 1683 sex
392 1630 421 1683 et
439 1626 560 1698 triginta
583 1641 672 1684 anuos
688 1622 813 1696 Gruppe,
834 1624 879 1682 vir
899 1622 976 1682 haud
998 1623 1159 1695 spernenda
1181 1621 1331 1682 divinandi

179 1730 243 1782 arte
257 1724 405 1796 praeditus
420 1724 619 1783 demonstrare
634 1729 754 1783 conatus
768 1727 813 1781 est
835 1721 1012 1781 Ovidium
1033 1722 1113 1780 tertii
1133 1719 1199 1779 libri
1221 1723 1331 1794 elegias

176 1824 376 1897 composuisse,
401 1824 502 1896 quibus
524 1839 641 1882 uxorem
663 1839 744 1882 suam
767 1819 932 1891 secundam,
956 1822 1036 1880 ouius
1057 1822 1233 1911 mentionem
1255 1818 1327 1878 fecit

176 1925 207 1980 in
229 1924 317 1981 Trist.
340 1923 391 1996 IV,
417 1925 464 1994 10,
489 1925 527 1980 71
551 1937 610 1994 sq.:

353 2047 402 2110 llll
431 2049 586 2121 successit,
615 2051 760 2132 quamvis
790 2051 857 2111 siae
879 2051 1011 2114 crimine
1032 2053 1156 2132 conium,

428 2170 488 2211 noo
510 2159 612 2212 tomen
633 2151 668 2212 a'n
689 2159 793 2212 nostro
814 2147 919 2225 firma
939 2148 1056 2231 futoro
1078 2162 1152 2212 toro.

178 2287 213 2346 ab
224 2288 289 2359 ipso
300 2286 456 2346 alienatam
468 2286 522 2344 sibi
532 2287 742 2346 reconciliaret.
757 2286 846 2346 Nisus
859 2294 955 2347 autem
966 2294 1009 2347 est
1020 2287 1138 2365 Gruppe
1148 2291 1331 2364 potissimum

178 2401 257 2444 auno
280 2385 382 2455 natali,
414 2385 493 2442 cuius
515 2387 545 2442 in
567 2387 693 2468 carmine
725 2388 824 2459 quinto
854 2388 961 2446 mentio
980 2387 1025 2459 fn,
1053 2389 1330 2462 repetitionibusque

177 2498 310 2543 versuum
325 2499 360 2540 ex
375 2482 475 2543 eadem
490 2484 612 2566 epistola
627 2483 812 2558 depromptis.
834 2485 892 2546 Sed
906 2502 941 2546 ex
955 2485 999 2543 his
1013 2486 1085 2544 nihil
1099 2486 1178 2544 aliud
1193 2487 1330 2558 concludi

177 2583 292 2642 videtur
317 2598 408 2655 posse,
439 2598 523 2656 quam
546 2599 663 2642 carmen
691 2586 822 2658 quintum
846 2584 884 2646 ab
914 2583 1015 2644 Ouidio
1039 2586 1228 2658 compositum
1254 2601 1331 2644 esse.

177 2682 262 2742 Nune
283 2682 410 2741 virorum
424 2682 575 2741 doctorum
588 2682 724 2742 iudicium
739 2684 774 2742 de
790 2684 913 2757 Gruppii
926 2685 1101 2755 coniectura,
1124 2700 1209 2757 quam
1224 2686 1331 2744 miram

180 2788 209 2841 et
230 2798 322 2855 paene
344 2783 503 2841 inauditam
526 2798 588 2840 esse
609 2783 746 2850 clamant,
768 2767 877 2856 pendet
898 2783 959 2842 fere
974 2801 1009 2842 ex
1025 2783 1209 2856 Heutzbergii
1226 2787 1329 2841 auoto-

180 2883 276 2953 ritate,
300 2882 349 2953 qui
365 2881 525 2964 Gruppium
547 2882 591 2940 his
613 2883 708 2941 verbis
733 2882 888 2955 adgressus
911 2887 957 2940 est
973 2882 1132 2955 (Hallisehe
1146 2881 1332 2940 Jahrblloher

184 2981 263 3038 1839
284 2996 313 3051 p.
339 2978 447 3054 mall:
492 2981 563 3052 ,Das
587 2979 722 3039 Gebbude
755 2986 847 3039 stbrzt
875 2983 927 3040 mit
955 2984 1065 3041 seinem
1084 2979 1331 3058 hypothetischen

180 3079 375 3139 Fundament.
418 3078 499 3139 Aber
519 3078 573 3136 Hr.
598 3077 717 3151 Gruppe
739 3077 851 3140 fordert
873 3095 926 3139 uns
947 3079 1013 3152 auf,
1043 3079 1117 3140 auch
1139 3081 1215 3139 noch
1238 3084 1330 3138 etwas

181 3179 383 3238 einzuwenden
406 3194 498 3251 gagen
526 3179 605 3236 seine
628 3177 798 3252 OonJehtur,
828 3183 856 3240 d.
878 3181 906 3239 1.
929 3181 1010 3240 nieht
1031 3197 1087 3238 nur
1108 3181 1187 3239 aeine
1210 3179 1331 3240 Grande

180 3277 240 3337 und
261 3279 346 3337 somit
367 3277 414 3336 die
435 3276 688 3351 Nothwendigheit
709 3281 805 3338 seiner
826 3279 1030 3354 Folgerungen
1057 3297 1092 3339 zu
1115 3279 1329 3351 interminiren,

179 3376 304 3436 sondern
333 3377 407 3437 auch
436 3377 482 3435 die
514 3376 745 3450 Unmbglichkeit
774 3378 925 3438 derselben
954 3397 989 3438 zu
1022 3380 1186 3440 deduciren.
1240 3379 1333 3436 Dicae

181 3517 187 3530 .
211 3521 218 3533 .
241 3514 248 3529 .
272 3519 278 3532 .
301 3475 405 3534 erhellt
427 3493 477 3535 vor
499 3475 593 3535 Allem
615 3493 667 3536 aus
688 3477 739 3535 der
758 3493 841 3552 ‘ganz
869 3495 925 3538 von
948 3479 1036 3538 Ovids
1057 3480 1156 3539 Weiss
1187 3476 1331 3538 verschie-

181 3577 274 3635 denen
288 3573 418 3647 Sprache
440 3575 489 3634 des
504 3574 679 3648 Lygdamus,
702 3578 848 3637 natdrlioh
869 3577 1022 3636 innerhalb
1045 3577 1098 3636 der
1116 3578 1333 3650 gemeinsamen

181 3673 324 3742 struncon,
352 3677 382 3733 in
404 3673 498 3734 denen
519 3674 580 3735 sich
602 3675 767 3747 uberhaupt
789 3674 840 3735 das
862 3676 1007 3736 romische
1030 3675 1170 3748 Gedioht,
1198 3673 1257 3732 und
1277 3689 1334 3732 vor

180 3772 275 3831 Allem
298 3772 349 3832 das
371 3773 514 3848 elegisohe
537 3773 658 3847 beuegt.
691 3775 764 3833 Hier
784 3777 823 3832 ist
843 3773 938 3832 niohts
958 3790 1015 3832 von
1038 3772 1125 3832 Ovids
1145 3771 1332 3832 tbertriebe·

180 3888 236 3930 nen
258 3873 458 3933 rhetorisohen
479 3871 620 3940 Effeoten,
643 3874 741 3933 disin
765 3873 821 3932 den
851 3875 937 3932 haum
967 3873 1019 3933 der
1039 3871 1333 3933 Deklamatorsehule

181 3970 401 4032 entwaohsenen
424 3961 693 4048 Jugendgediehten
715 3971 892 4032 namentlioh
914 3991 969 4033 uns
991 3973 1103 4033 tiberall
1133 3975 1162 4032 in
1188 3973 1332 4046 spitzigen

180 4070 354 4130 Antitheses
373 4073 431 4131 und
444 4075 485 4133 all
503 4075 557 4133 deu
576 4075 759 4134 kunstlichen
774 4063 903 4148 Fignren
915 4074 967 4134 der
977 4073 1147 4148 Amphora,
1169 4071 1332 4145 Epiphora,

184 4170 285 4242 Ploke,
307 4171 397 4231 selbst
419 4172 463 4232 bis
478 4192 513 4232 au
529 4175 727 4250 Wortspielen
748 4174 905 4248 gesteigert
926 4172 1207 4247 entgegeuspringeu
1230 4215 1236 4228 .
1324 4217 1332 4232 .
