2894 4838
157 999 297 1070 Quoniam
326 996 447 1070 elegiam
476 993 542 1052 libri
570 996 650 1054 tertii
679 997 808 1068 quintam
830 995 934 1055 Ouidio
956 996 998 1054 ita
1019 995 1217 1071 attribuimus,

77 1107 109 1160 ut
128 1113 186 1158 non
203 1097 324 1156 multum
352 1094 435 1154 nobis
464 1099 614 1154 remaneat
641 1094 839 1168 dubitationis,
861 1097 920 1155 iam
942 1097 1072 1168 quaestio
1092 1099 1217 1172 exsistit,

78 1205 171 1259 utrum
192 1197 368 1269 reliquorum
389 1193 457 1253 libri
479 1195 560 1252 tertii
581 1196 740 1253 cuminum
761 1197 862 1255 auctor
883 1209 944 1254 esse
972 1195 1065 1268 possit
1086 1195 1219 1255 Tibullus

77 1314 173 1358 necne.
215 1297 359 1369 Equidem
380 1310 464 1368 nego,
489 1294 603 1353 etiamsi
625 1296 688 1367 quie
710 1295 788 1354 dicat
809 1294 1001 1364 adulescentis
1023 1295 1128 1355 Tibulli
1156 1312 1218 1356 esse

77 1413 152 1471 opus.
195 1397 257 1456 lem
277 1396 379 1468 quanti
401 1391 601 1453 aestimandae
621 1394 680 1453 siut
700 1394 811 1468 elegiae
837 1393 914 1470 illae,
944 1395 1022 1453 inter
1048 1410 1078 1453 ee
1106 1395 1220 1454 dissen-

78 1501 152 1557 tiunt
174 1498 229 1556 viri
251 1496 338 1566 docti,
359 1511 423 1554 cum
452 1492 569 1553 difficile
595 1493 634 1551 sit
663 1477 743 1552 certa
769 1498 800 1552 et
827 1491 957 1553 omnibus
984 1509 1075 1566 aeque
1095 1494 1220 1566 probata

75 1600 144 1658 artie
163 1596 295 1669 poeticae
314 1600 472 1668 praecepta
494 1607 604 1666 ponere
627 1597 656 1652 et
677 1610 742 1652 cum
763 1594 798 1651 iis
818 1599 969 1666 poetarum
991 1608 1081 1666 opera
1102 1610 1217 1668 compa-

74 1713 155 1772 rarc;
176 1701 255 1754 recte
283 1695 358 1753 enim
379 1691 480 1753 Cicero
509 1694 539 1752 in
568 1691 650 1752 Orat.
671 1708 696 1751 c.
723 1696 771 1770 11,
795 1693 851 1752 36:
874 1692 918 1763 ,In
941 1695 1018 1752 omni
1038 1691 1091 1766 re‘‚
1114 1694 1219 1767 inquit,

73 1791 283 1872 ,difficillimum
312 1799 358 1851 est
384 1791 522 1866 formam,
553 1794 602 1866 qui
637 1777 818 1870 χαρακτήρ
845 1790 954 1852 Graece
983 1792 1101 1864 dicitnr,
1131 1810 1220 1867 expo-

71 1912 140 1954 nere
160 1893 271 1965 optimi,
293 1891 369 1964 quod
390 1891 469 1949 aliud
492 1892 557 1950 aliis
578 1889 694 1950 videtur
715 1891 864 1965 optimum.
907 1890 1003 1950 Ennio
1023 1891 1163 1967 delector,
1177 1893 1222 1950 ait

72 1995 225 2068 quispiam,
249 1991 325 2064 qnod
345 2004 405 2048 nou
426 1989 587 2051 discedite
608 1992 751 2052 communi
778 2006 860 2050 more
881 1991 1052 2066 verborum3
1082 1989 1219 2064 Pacuvio,

70 2095 164 2168 inquit
197 2092 288 2162 alius,
322 2103 421 2148 omnes
452 2090 528 2162 apud
556 2091 633 2150 hunc
662 2092 758 2149 ornati
787 2089 985 2165 elaboratique
1013 2096 1081 2150 sunt
1108 2107 1219 2158 venem,

70 2194 163 2252 multa
187 2191 263 2264 apud
288 2191 414 2250 alterum
442 2190 656 2262 neglegentium
687 2189 733 2249 iao
768 2191 856 2250 alium
886 2191 991 2248 Accio:
1019 2190 1109 2249 Varia
1143 2192 1219 2248 euim

71 2300 141 2354 sunt
161 2291 278 2362 iudicia,
300 2290 387 2348 utin
410 2287 540 2365 Graecis,
562 2306 616 2350 nec
636 2288 729 2350 facilis
752 2289 916 2362 explicatio
938 2303 1012 2360 quae
1033 2286 1129 2348 forma
1157 2304 1218 2348 ma-

23 2387 28 2412 '
70 2395 147 2453 xime
170 2387 317 2449 excellat‘
1191 2386 1195 2397 '

153 2491 255 2563 Itaque
278 2486 360 2556 Voss
388 2489 435 2547 cni
462 2491 544 2559 poesi
572 2487 724 2549 subactum
753 2489 892 2548 iudicium
921 2489 1050 2549 tribuere
1078 2491 1219 2562 cogimur,

69 2608 136 2652 cnm
158 2606 252 2664 paene
273 2589 370 2648 omniu
390 2589 545 2662 vituperet,
567 2605 716 2662 perpauca
737 2589 854 2661 laudat;
875 2605 929 2649 nec
950 2591 1045 2648 minus
1073 2591 1221 2648 invehitur

66 2695 96 2751 in
125 2694 308 2765 poetastrum
337 2687 517 2760 Eicbstaedt‚
542 2689 591 2760 qni
619 2688 663 2746 lris
692 2689 786 2747 utitur
805 2688 916 2748 verbis:
960 2685 1105 2762 ,Quisquis
1131 2688 1221 2748 fuerit

67 2797 182 2862 auctor,
205 2791 309 2863 exigna
331 2788 359 2846 ei
378 2786 433 2848 fuit
454 2790 563 2863 ingenii
592 2789 652 2860 dos,
676 2789 771 2846 minor
797 2787 905 2860 iudicii,
928 2786 1043 2845 dicendi
1064 2792 1163 2845 autem
1185 2803 1219 2845 ea
1278 2779 1282 2791 *

67 2888 207 2961 infantie,
228 2905 285 2960 qua
305 2883 367 2946 fere
388 2885 524 2946 laborare
539 2887 668 2946 videmus
690 2887 809 2958 tirones,
833 2887 885 2960 qui
911 2887 1105 2959 exemplorum
1119 2903 1219 2961 ‹pree-

70 2991 187 3049 stantia
214 2989 293 3052 moti,
326 2987 436 3060 optima
455 2987 570 3060 quidem
591 2991 760 3060 sequuntur,
782 2987 833 3046 sed
853 3001 907 3059 per
927 2986 1030 3046 virium
1052 2987 1221 3046 tenuitatem

66 3105 128 3148 non
160 3085 370 3160 assequuntur‘.
413 3085 523 3146 Contra
545 3087 673 3161 (trappe,
696 3087 746 3158 qui
772 3078 945 3145 non'minus
965 3087 995 3144 in
1016 3086 1069 3146 lrac
1090 3103 1123 3144 re
1143 3088 1219 3145 indi-

67 3190 147 3247 cium
170 3187 268 3262 habet,
291 3187 390 3260 elegiis
411 3187 468 3244 illis
490 3185 679 3246 artificiosum
701 3187 844 3246 contineri
865 3201 937 3258 opus
959 3188 1046 3257 putat
1072 3189 1103 3243 ct
1127 3186 1220 3244 multa

64 3287 156 3347 laude
178 3286 296 3360 dignum
318 3301 352 3344 ac
373 3287 523 3360 permagni
545 3285 763 3345 aestimandum.

154 3383 264 3445 Teuffel
292 3389 390 3443 autem
415 3362 480 3442 cunb
504 3386 535 3442 in
564 3386 676 3458 sylloge
697 3399 772 3456 quac
798 3382 965 3443 inscribitur
986 3383 1112 3456 ,Panly's
1132 3385 1220 3444 Real-
1285 3401 1290 3414 ·

62 3483 293 3558 eneyelopaedic
322 3482 372 3542 des
402 3482 580 3542 klassischen
606 3481 798 3542 Alterthums‘
820 3481 870 3558 VI,
900 3483 917 3538 2
947 3498 976 3554 p.
1002 3483 1081 3540 1950
1111 3479 1221 3557 (1852)

61 3585 143 3644 haec
166 3584 333 3656 scripserit:
377 3581 443 3654 ‚Die
464 3581 572 3641 Arbeit
593 3582 692 3643 macht
713 3583 777 3642 dem
799 3581 951 3644 Verfasser
978 3582 1069 3642 durch
1098 3582 1220 3641 Frische

60 3684 125 3744 und
148 3681 268 3741 Wdrme
290 3682 342 3740 der
363 3681 559 3756 Empfindnng
579 3683 638 3742 und
659 3682 826 3754 anmuthige
847 3681 1044 3756 Leichtiglreit
1065 3681 1116 3740 des
1129 3681 1217 3739 Vers-

17 3827 19 3836 .
59 3783 141 3841 baus
173 3781 260 3840 keine
289 3780 440 3847 Sohande‘,
462 3782 555 3840 multo
584 3783 711 3841 severius
739 3780 849 3849 iudicat
870 3780 905 3840 de
927 3786 1015 3854 poeta
1035 3782 1066 3839 in
1088 3780 1218 3853 ,Studien

59 3883 124 3941 und
158 3878 437 3940 Obarekteristiken‘
467 3899 496 3955 p.
519 3882 579 3940 378
606 3898 665 3954 sqq.
709 3882 750 3941 Et
777 3882 838 3955 ipse
856 3878 1039 3951 'Bernhardy
1068 3882 1099 3939 in
1127 3881 1218 3940 litter.

56 3982 152 4041 Rom.
175 3980 242 4040 hist.
263 3987 367 4053 poetae
388 3980 504 4040 videtur
524 3979 631 4040 favere.

153 4079 285 4150 Quodsi
307 4079 423 4154 elegias,
446 4079 482 4138 de
505 4079 607 4152 quibus
628 4081 732 4154 agitur,
754 4085 890 4141 accurate
911 4079 1079 4155 perlegeris,
1100 4087 1217 4154 poetam

56 4194 128 4238 esse
152 4195 247 4252 paene
269 4178 483 4239 adulescentem
506 4183 536 4238 et
557 4181 605 4252 qni
626 4181 674 4238 uix
695 4179 784 4245 labris
804 4179 977 4254 primoribus
999 4185 1092 4239 artem
1123 4181 1219 4253 poeti·

54 4294 129 4337 carn
153 4280 295 4352 tetigerit,
319 4277 402 4340 facile
424 4279 573 4340 nobiscum
595 4280 764 4346 consenties,
786 4280 839 4338 teli
863 4286 961 4338 tamen
986 4281 1103 4352 ingenio
1131 4295 1219 4351 prae·

1052 4377 1067 4422 a
