2894 4838
756 197 774 254 6

688 277 836 286 ..n-...n——a-

282 399 376 460 Porro
399 399 525 470 Ovidius,
548 400 597 460 nbi
619 405 719 475 poetas
741 402 882 476 elegiacos
903 408 1063 472 enumerat,
1086 399 1231 460 Tibullum
1244 397 1345 459 luisse

192 501 332 560 maiorem
360 508 431 560 natu
458 498 612 574 Propertio
641 505 671 560 et
696 502 774 560 hunc
802 502 939 560 maiorem
960 500 1060 561 Ouidio
1087 502 1149 574 ipso
1171 500 1257 559 Triet.
1281 500 1338 568 IV,

197 601 245 673 10,
269 602 304 659 61
330 617 390 674 sqq.
414 601 517 660 tradit:

369 733 540 820 Verpiliam
561 736 630 802 aidi
650 749 786 818 antem
806 759 862 800 nec
884 760 998 802 omaro
1022 735 1142 800 Tibullo

433 846 551 922 tempere
571 838 728 902 amicitiae
747 835 822 919 fata
843 835 953 901 dedere
974 859 1069 901 meae.

357 958 512 1001 successor
525 937 597 1022 fait
617 935 668 1001 iic
689 937 753 1016 tibi,
777 933 884 1000 Galle:
904 935 1086 1020 Propertius
1107 935 1174 1016 iiii,·

416 1049 547 1120 quartas
569 1035 609 1100 ab
629 1035 679 1100 bio
699 1037 780 1102 narie
802 1038 946 1123 temporis
966 1038 1031 1122 ipae
1042 1034 1113 1122 fei.

280 1182 412 1256 Denique
431 1185 553 1259 legimns
575 1185 651 1260 apud
673 1187 795 1246 eundem
817 1183 916 1261 (Trist.
931 1185 970 1259 Π,
985 1183 1058 1256 463)
1081 1182 1190 1245 Tibulli
1208 1185 1339 1244 carmina
1437 1235 1438 1278 3

199 1281 259 1342 iam
282 1288 342 1342 tum
362 1282 450 1344 inisse
471 1289 550 1358 nota,
573 1302 638 1346 cum
658 1287 806 1364 Augustus
826 1287 961 1360 princeps
983 1286 1194 1345 nominaretur:

711 1423 883 1508 lepitarqae
907 1422 1049 1487 Tibaiiae

413 1533 441 1584 et
456 1521 574 1606 placet,
597 1535 625 1586 et
645 1523 710 1586 iam
732 1533 759 1585 te
776 1523 922 1608 principe
942 1535 1033 1586 notes
1053 1534 1129 1586 erat.

281 1669 344 1730 Iam
372 1687 436 1730 cum
464 1673 612 1745 Augustus
640 1689 716 1733 anno
743 1674 878 1734 vicesimo
905 1678 972 1732 ante
1001 1670 1069 1730 (ihr.
1090 1677 1150 1730 nat.
1179 1676 1209 1729 et
1236 1675 1340 1728 octavo

196 1769 323 1842 primum
344 1765 496 1850 princepe
523 1778 648 1829 eerraira
678 1773 867 1846 salutaretur,
900 1770 1028 1832 nondum
1063 1771 1158 1845 posita
1187 1775 1340 1842 praetenta

199 1846 322 1945 gloriam
344 1887 378 1930 ac
398 1871 514 1931 landem
535 1872 592 1932 sibi
613 1882 810 1945 comparasset
829 1872 957 1933 Tibullus
978 1872 1085 1947 elegiis.

283 1969 337 2029 His
366 1972 543 2044 argumentis
573 1972 713 2033 accedunt
743 1973 802 2033 alia
829 1972 982 2049 leviora2),
1004 1989 1077 2046 quae
1102 1971 1197 2031 omnia
1226 1985 1259 2029 eo
1286 1985 1341 2028 nos
1437 1947 1438 1998 l

199 2069 315 2142 dueum,
345 2075 377 2129 ut
409 2069 555 2130 Tibullum
583 2087 658 2131 anno
688 2073 727 2130 43
757 2079 856 2132 natum
885 2087 948 2132 esse
973 2088 1030 2130 non
1058 2085 1144 2145 posse
1172 2075 1339 2129 statuemus.

201 2171 266 2246 Qua
286 2171 322 2230 de
343 2187 376 2230 re
402 2188 465 2231 cum
495 2172 627 2246 plurimis
654 2173 782 2234 virorum
810 2172 958 2233 doctorum
985 2171 1148 2246 conveniat,
1178 2170 1228 2228 alii
1256 2168 1343 2228 aliter

201 2287 264 2331 rem
285 2272 422 2346 expedire
444 2274 542 2332 eonati
562 2286 636 2333 sunt.
671 2275 744 2334 Pars
765 2275 841 2334 euim
862 2274 987 2348 pessima
1007 2272 1053 2331 vel
1074 2270 1275 2330 emendatione
1295 2267 1342 2327 uel

91 2415 92 2418 η
200 2371 443 2444 interpretatione
469 2374 565 2430 versui
596 2375 633 2431 18
663 2379 843 2448 succurrunt,
873 2389 951 2448 pars,
972 2374 1003 2431 in
1024 2370 1126 2442 quibus
1154 2373 1221 2429 sunt
1243 2368 1343 2442 Spohn

201 2469 275 2530 Fuss
295 2470 355 2544 alii,
371 2469 548 2546 Scaligernm
562 2469 689 2531 Dousam
702 2472 838 2546 Vulpium
857 2469 1072 2529 Brcukhnsium
1086 2468 1230 2541 Heynium
1250 2469 1344 2526 secuti
1437 2495 1438 2542 ;

202 2587 267 2630 cum
296 2570 502 2646 interpolatum
529 2579 565 2633 ex
593 2573 686 2632 Ovidii
717 2573 780 2632 looo
811 2588 899 2646 supra
919 2569 1046 2642 laudato,
1068 2573 1100 2627 ut
1120 2567 1224 2627 lacuna
1244 2565 1343 2637 exple·
1437 2553 1438 2609 ἶ

202 2675 293 2744 retur,
316 2671 393 2732 hunc
413 2687 527 2731 versum
553 2678 664 2748 putent,
693 2672 800 2732 tollunt
820 2677 852 2731 ut
873 2671 1011 2746 spurium.
1055 2668 1112 2730 Sed
1132 2669 1157 2728 si
1176 2668 1233 2725 boc
1253 2665 1343 2728 modo
1437 2725 1438 2758 ἒ

204 2773 351 2846 corrigere
382 2772 521 2843 volueris,
555 2791 613 2835 non
643 2775 734 2836 solum
763 2773 810 2832 hic
840 2789 938 2833 uersus
965 2775 1146 2847 pentameter
1173 2766 1224 2828 sed
1254 2767 1344 2826 etiam
1437 2759 1438 2844 j

204 2872 371 2934 hexameter
396 2878 482 2946 atque
509 2879 605 2934 totum
635 2875 776 2936 distichon
807 2875 982 2951 praecedens
1011 2889 1065 2932 nec
1092 2886 1151 2930 non
1177 2871 1343 2943 insequens,
1437 2855 1438 2938 i

205 2987 278 3045 quae
308 2972 409 3031 eadem
436 2973 583 3045 paululum
610 2977 722 3035 variata
748 2976 825 3050 apud
846 2974 979 3034 Ovidium
999 2971 1048 3045 (el.
1069 2970 1157 3046 inira)
1179 2974 1344 3040 occmnnut,
1437 2993 1438 3038 1

204 3072 381 3132 removenda
401 3070 456 3132 tibi
471 3079 562 3132 erunt.
595 3073 682 3134 Nulla
702 3079 800 3134 tamen
820 3071 966 3148 probabili
980 3087 1068 3132 causa
1088 3071 1144 3131 hoo
1161 3085 1230 3130 acre
1251 3084 1344 3128 reme·
1437 3067 1438 3155 ᾗ

206 3171 285 3232 dium
305 3172 454 3246 probatur.
497 3172 573 3233 Nam
593 3180 773 3248 pentameter
793 3175 842 3234 ifle
863 3179 893 3234 et
912 3175 942 3233 in
955 3173 1107 3233 verborum
1124 3174 1261 3232 contextu
1282 3169 1344 3228 ido·

206 3288 292 3332 neum
320 3279 443 3346 occupat
470 3275 565 3334 locum
593 3290 686 3348 neque
717 3277 924 3336 sententiarum
953 3289 1057 3334 nexum
1085 3272 1144 3331 ullo
1172 3270 1258 3331 modo
1286 3269 1344 3328 dis·
1437 3269 1438 3312 i

205 3371 321 3446 turbat;
354 3382 499 3447 utcunque
520 3380 616 3436 autem
631 3377 782 3450 epistolam
802 3377 1008 3449 interpretatus
1029 3375 1095 3444 eris,
1115 3369 1205 3432 verba
1223 3370 1274 3430 illa
1287 3385 1345 3428 non
1437 3369 1438 3382 ¹

208 3472 384 3533 videbuntur
410 3475 503 3534 alicua
532 3491 550 3534 a
578 3478 721 3537 sententia
745 3477 835 3536 totius
858 3474 1001 3534 carminis.
1046 3472 1101 3545 Qui
1122 3471 1226 3547 legitur
1246 3485 1343 3529 uersus

209 3575 240 3632 in
260 3572 340 3633 ovid.
371 3573 457 3633 Tbist.
479 3574 529 3650 IV,
554 3579 602 3648 10,
626 3577 643 3633 6
666 3593 731 3636 eum
758 3578 887 3649 spurium
916 3590 978 3633 esse
999 3579 1083 3633 nemo
1110 3587 1244 3645 umquam
1265 3566 1344 3629 affir-

209 3688 289 3733 mare
310 3689 393 3734 ansus
416 3680 459 3734 est
479 3691 571 3749 neque
592 3676 740 3750 quisquam
761 3676 835 3735 hanc
856 3677 886 3734 in
907 3675 1079 3734 sententiam
1100 3673 1216 3732 incidet.

293 3773 442 3848 Leguntur
456 3780 563 3849 autem,
583 3782 616 3836 ut
636 3777 694 3837 iam
715 3793 803 3852 supra
818 3775 921 3834 leviter
935 3773 1100 3850 significavi,
1115 3789 1160 3832 vv.
1179 3770 1214 3827 16
1225 3812 1231 3826 .
1243 3767 1346 3828 19.20

281 4101 302 4170 ¹)
321 4103 361 4156 Gi.
386 4109 467 4157 etiam
489 4110 594 4161 Passow
618 4109 668 4173 ,De
695 4109 787 4161 ordine
809 4113 956 4174 temporum
980 4121 1032 4172 quo
1057 4104 1137 4170 primi
1160 4101 1225 4155 libri
1245 4101 1345 4168 elegiae
1437 4151 1438 4164 ¹

210 4191 321 4256 scripsit
338 4191 471 4246 Tibullus‘
491 4192 591 4262 (opusc.
611 4193 685 4248 acad.
702 4195 778 4262 Lips.
798 4193 866 4246 1836
884 4210 928 4245 no.
948 4196 981 4243 14
998 4209 1024 4259 p.
1042 4187 1200 4257 280-300).
