2894 4838
682 216 828 304 ῃ«ΒΨ-

182 414 320 487 pretatis,
343 429 379 472 cx
399 429 455 484 qua
475 414 499 472 is
520 413 569 484 qui
589 427 707 472 carmen
727 413 857 485 quintum
878 413 1038 484 composuit
1059 413 1190 474 Ouidium
1203 419 1324 488 putatur

184 514 311 574 imitatus
339 513 417 581 esse,
444 513 560 571 minime
581 512 730 586 probanda
753 517 806 571 est.
833 495 941 585 ‘Onam
962 518 994 571 ut
1014 513 1236 586 probabiliorem
1258 516 1322 576 red·

186 613 277 684 deret,
300 611 383 671 Bolle
405 613 434 670 in
454 612 552 672 libello
584 611 640 684 ,De
661 611 802 686 qudami
830 611 1017 673 carminibus‘
1047 611 1219 673 Detmoldue
1243 616 1321 672 1872

183 713 290 790 scripto
317 713 514 772 demonstrare
544 713 669 784 studuit,
701 714 740 781 ,in
769 712 955 772 elaborandis
988 697 1161 773 carminibus
1203 717 1318 787 poetam

185 827 243 871 non
271 818 330 871 tam
358 811 580 872 describendum
600 828 698 872 uerum
727 829 853 872 amorem
875 821 904 870 et
926 812 1158 874 commovendam
1181 813 1322 873 Neaeram

185 911 240 970 sibi
260 913 443 986 proposuisse
464 928 550 986 quam
571 915 689 986 phrases
710 913 886 988 colligendas
906 913 1129 987 imitandumque
1147 912 1320 984 Tibullum‘3

185 1013 283 1084 itaque
305 1014 409 1084 omnis,
432 1028 506 1086 quae
527 1014 691 1087 legerentur
710 1014 741 1071 in
763 1013 944 1081 carminibus,
968 1019 997 1072 et
1024 1030 1153 1073 amorem
1181 1013 1321 1086 Lygdami

186 1116 214 1170 et
237 1112 386 1184 epistolem
407 1112 444 1171 ed
465 1113 572 1172 amicos
593 1113 733 1178 detumet
748 1129 854 1172 annum
875 1112 1000 1172 natalem
1022 1118 1173 1186 totumque
1194 1128 1245 1172 sex
1267 1112 1323 1170 ele·

186 1213 298 1285 giarum
320 1217 528 1286 argumentum,
549 1229 612 1272 esse
632 1209 727 1270 efficta
748 1214 908 1273 statuenda.
933 1213 1018 1291 ,Quae
1039 1214 1182 1272 sententia
1199 1229 1265 1285 cum
1286 1213 1323 1271 ud

182 1317 299 1370 ceteras
324 1318 445 1384 praeter
473 1313 602 1384 quintam
629 1311 696 1370 libri
718 1313 799 1372 tertii
819 1313 925 1386 elegias
947 1313 1043 1386 aliqua
1063 1311 1321 1372 uerisimilitudinis

187 1412 281 1483 specie
302 1411 432 1472 adhiberi
453 1428 536 1488 posse
550 1412 690 1484 uideatur,
713 1413 791 1470 nullo
814 1411 898 1471 modo
920 1412 1045 1486 quadrat
1065 1414 1095 1471 in
1116 1414 1247 1485 quintum
1259 1427 1323 1470 cor·

114 1495 123 1508 ³
186 1527 264 1582 men,
291 1512 327 1570 de
355 1529 410 1586 quo
438 1513 560 1586 agimus,
589 1514 723 1585 quoniam
752 1512 824 1572 haec
855 1513 977 1586 epistola
1005 1518 1084 1573 certo
1113 1514 1152 1572 ad
1180 1513 1324 1576 amicose

186 1616 272 1684 poeta
294 1617 322 1671 et
343 1614 450 1685 scripta
470 1618 500 1671 et
521 1593 589 1672 data
610 1617 663 1672 est«.
698 1613 774 1671 Nam
795 1613 873 1673 nullo
895 1610 981 1670 modo
1003 1613 1073 1670 milri
1094 1612 1325 1686 persuadebitur,

186 1717 218 1769 ut
247 1712 322 1769 banc
351 1713 518 1786 epistolam,
546 1728 620 1786 quae
641 1713 793 1771 ueritatem
815 1727 911 1771 rerum
934 1728 968 1772 ac
990 1727 1123 1770 sensuum
1145 1713 1326 1784 apertissime

186 1827 256 1885 prae
277 1827 306 1869 se
327 1809 413 1884 ierat,
436 1813 507 1872 nibil
527 1812 605 1872 aliud
627 1828 689 1871 esse
710 1818 808 1885 putem
830 1812 884 1870 uisi
904 1818 1052 1884 tamquam
1069 1813 1239 1878 exercitium
1260 1811 1326 1870 rhe-

186 1913 307 1970 toricum
329 1912 476 1977 cuiusdam
498 1913 638 1986 discipuli,
661 1914 763 1985 quint
785 1911 929 1972 Tibullum
949 1913 1121 1984 imitaretur,
1136 1912 1211 1972 hane
1233 1910 1325 1971 morbi

186 2007 313 2074 fabulam
328 2012 542 2085 excogitaverit.
579 2012 679 2085 Itaque
693 2011 870 2071 confidenter
885 2012 1085 2071 contendimus
1105 2011 1228 2072 fideliter
1244 2029 1325 2072 suum

187 2126 293 2170 annum
313 2112 439 2170 natalem
463 2112 615 2172 tradidisse
635 2116 750 2186 poetam
771 2111 906 2169 carminis
928 2112 1028 2183 quinti.
1200 2178 1203 2183 ,

271 2209 342 2270 Oum
362 2212 452 2285 igitur
473 2214 534 2272 ueri
555 2229 613 2272 non
635 2213 672 2271 sit
693 2211 786 2270 simile
806 2215 920 2286 poetam
942 2211 1066 2284 aliquem
1092 2212 1128 2272 do
1151 2213 1252 2272 Ouidio
1273 2214 1325 2271 hos

78 2383 84 2392 ι
189 2327 288 2369 uersus
316 2312 447 2370 seruilem
478 2313 509 2369 in
538 2311 652 2370 modum
684 2312 911 2385 deprompsisse,
940 2318 1036 2371 utrum
1065 2311 1181 2372 Ouidius
1211 2329 1325 2372 carmen

190 2411 313 2469 alienum
343 2411 527 2484 exscripserit
555 2428 645 2470 necne
670 2413 799 2470 exoritur
829 2413 968 2484 quaestio.
1012 2413 1093 2486 Quod
1115 2413 1151 2471 ab
1174 2410 1273 2471 Ouidio
1295 2429 1328 2471 re

181 2527 255 2569 'uera
283 2507 391 2569 lactum
418 2525 479 2569 esse
500 2511 630 2584 plerique
652 2529 687 2570 ex
708 2511 776 2569 uiris
797 2511 889 2570 doctis
910 2512 994 2571 hodie
1015 2513 1057 2571 ita
1078 2512 1270 2580 consentiunt,
1293 2517 1324 2568 ut

188 2609 370 2684 Lygdamum
397 2611 539 2683 quendam
574 2618 690 2684 poetam
723 2617 849 2671 ceterum
880 2611 1025 2686 ignotum,
1056 2613 1105 2686 qui
1136 2611 1235 2670 eodem
1267 2628 1323 2684 quo
1436 2639 1437 2642 ¹

190 2710 307 2770 Ouidius
337 2727 412 2771 enno
443 2716 528 2771 natus
558 2709 654 2782 fuerit,
683 2712 718 2772 ab
748 2710 848 2772 Ouidio
870 2713 966 2771 seruili
987 2712 1071 2771 modo
1093 2727 1259 2784 expressum
1280 2714 1325 2771 uel

189 2813 375 2884 compilatum
397 2829 458 2871 esse
480 2819 624 2873 censeant.
667 2813 723 2874 Sed
744 2815 769 2872 si
783 2811 901 2873 Ouidius
922 2813 977 2872 hos
996 2827 1093 2872 uersus
1112 2813 1253 2872 imitando
1276 2831 1324 2872 ex-

187 2913 304 2985 pressit,
334 2917 450 2986 poetam
480 2901 616 2972 carminis
636 2909 728 2987 quinti
749 2930 838 2973 unum
859 2915 904 2972 vel
925 2930 961 2972 ex
983 2913 1089 2973 intimis
1110 2913 1204 2973 Ouidii
1227 2913 1325 2973 amicis

189 3009 234 3068 uel
255 3027 291 3069 ex
311 3011 506 3072 celeberrimis
529 3014 665 3087 exemplis
686 3013 783 3088 fuisse,
801 3030 885 3087 quem
898 3013 1083 3086 praematuro
1104 3015 1220 3087 ingenio
1242 3031 1326 3088 prae-

189 3109 280 3167 ditum
309 3109 425 3171 Ouidius
454 3114 529 3172 tanti
558 3115 734 3185 aestimaret,
762 3118 796 3170 ut
817 3129 881 3172 eum
902 3127 961 3171 non
983 3112 1067 3172 modo
1096 3113 1125 3171 in
1152 3113 1326 3172 carminibus
1438 3101 1439 3117 ¹

189 3211 306 3269 iuuenili
334 3216 430 3272 aetate
458 3214 550 3285 pactis
578 3212 629 3272 scd
657 3213 745 3272 etiem
774 3229 838 3272 cnm
865 3213 1010 3287 relegatus
1033 3218 1200 3272 uersaretur
1222 3213 1324 3284 Tomis,

188 3310 360 3383 imitaretur,
383 3317 461 3372 certo
483 3313 566 3373 nobis
588 3317 631 3372 est
653 3312 847 3374 statuendum.
891 3312 966 3373 Sene
987 3314 1075 3386 locus,
1105 3315 1152 3387 qui
1175 3318 1269 3374 exstat
1292 3315 1321 3372 in

190 3405 240 3468 Ov.
261 3411 348 3470 Trist.
369 3412 419 3485 IV,
446 3414 492 3488 10,
516 3415 550 3472 41
577 3418 605 3472 et
627 3414 681 3471 42:

386 3535 530 3618 temporis
549 3533 634 3608 ditus
656 3531 737 3596 colui
756 3533 883 3621 focique
896 3546 1017 3620 poetas,

412 3647 542 3721 quotque
563 3633 697 3700 aderaut
719 3648 812 3714 camo,
834 3635 929 3700 rebor
951 3633 1059 3700 adesse
1081 3633 1153 3698 deos

191 3773 222 3826 et
241 3766 310 3827 ibid.
331 3785 358 3827 u.
382 3767 435 3827 55:

353 3899 445 3972 atque
466 3903 519 3971 ego
540 3885 683 3968 maiores,
705 3886 750 3949 sic
771 3907 819 3950 mc
839 3884 961 3950 coluere
982 3887 1123 3966 minores,

193 4036 249 4094 qua
269 4018 378 4093 pietate
400 4025 429 4078 et
450 4027 556 4092 quanto
578 4019 674 4080 studio
695 4019 830 4094 aequales
848 4024 949 4093 poetas
971 4019 1120 4101 amplexus
1142 4019 1180 4078 sit
1200 4017 1280 4076 Naso
1302 4022 1330 4076 et
1438 4021 1439 4080 3

194 4120 324 4191 coluerit,
345 4118 505 4180 luculenter
525 4118 733 4180 demonstrant.
770 4117 860 4192 Quem
881 4135 945 4178 cum
965 4124 1060 4178 totum
1081 4117 1208 4178 fuissein
1223 4117 1330 4178 Tibulli
1438 4150 1439 4193 ι

192 4221 286 4282 studio
315 4221 391 4280 inter
417 4235 514 4280 omnes
543 4223 665 4294 constet,
694 4235 730 4280 ne
758 4220 834 4279 hunc
861 4219 974 4292 quidem
997 4223 1056 4277 tam
1084 4219 1216 4278 seruilem
1244 4225 1330 4289 utque
