2894 4838
667 355 707 412 67

115 557 205 628 poeta
227 556 355 610 mortuns
379 557 464 624 esset,
486 567 559 624 quae
580 551 642 624 ipse
665 551 821 624 scripserat
842 565 971 624 quaeque
993 549 1031 608 ab
1052 549 1115 609 aliis
1135 549 1174 609 ad
1196 565 1260 610 eum

114 657 251 726 poemata
272 651 358 709 missa
381 655 474 721 erant,
497 648 535 708 ad
554 649 712 709 Messallae
733 649 849 707 domum
869 650 1013 709 mandata
1034 649 1169 710 videntur
1188 665 1260 708 esse.

114 753 172 813 Sed
199 766 291 824 neque
321 749 358 809 ab
381 751 436 809 boc
457 763 551 821 neque
570 764 605 807 eo
626 749 690 806 vivo
719 744 757 806 ab
778 747 842 808 aliis
875 747 928 806 has
948 747 1055 822 elegias
1077 747 1170 807 editas
1194 761 1258 806 osse

115 855 250 925 apparet,
283 867 355 921 cnm,
388 865 445 922 quo
476 862 552 906 anno
574 847 713 906 Messalla
744 846 781 906 de
807 848 869 906 vita
896 847 1028 921 decessit,
1061 846 1180 908 Ovidius
1199 847 1261 918 ipse

115 951 225 1010 Romae
246 948 363 1008 adesset
385 945 433 1019 (cl.
456 948 508 1008 Ov.
530 963 566 1005 ex
585 947 670 1006 Pont.
691 947 714 1018 I,
738 949 765 1018 7,
788 948 828 1006 29
849 961 907 1018 sq.:

138 1058 200 1126 Oet
221 1061 400 1139 [Messallae]
423 1079 479 1120 aaa
499 1069 528 1121 et
549 1056 698 1121 lacrimae
719 1077 896 1140 supremum
917 1056 1085 1135 infecere
1112 1076 1225 1119 manua

314 1171 343 1224 et
363 1155 506 1222 dedimus
526 1155 625 1220 medio
645 1158 766 1242 scripta
787 1154 931 1221 caueadc
943 1155 1064 1240 foro.),·

114 1297 207 1357 neque
228 1279 326 1340 hercle
347 1280 524 1354 neglexisset
544 1279 616 1339 haec
637 1269 766 1338 carmina
787 1282 935 1352 tamquam
957 1293 1038 1336 suum
1057 1276 1262 1350 patrimonium

113 1396 275 1454 reposcere.
317 1379 379 1440 Nec
409 1379 564 1439 verisimile
593 1383 647 1451 est,
680 1382 836 1452 antequam
857 1377 995 1438 Messalla
1023 1382 1187 1436 moreretur
1217 1375 1263 1435 vel

115 1481 287 1540 memoriam
308 1479 465 1550 amitteret,
488 1472 540 1556 (de
562 1494 620 1550 qua
640 1493 673 1536 re
694 1493 748 1536 nos
769 1477 909 1537 certiores
929 1474 999 1534 fecit
1019 1473 1099 1534 Suet.
1120 1474 1148 1531 d.
1171 1490 1198 1532 v.
1220 1472 1261 1531 ill.

114 1580 157 1639 VI
170 1577 244 1652 frag.
261 1581 298 1638 62
315 1578 360 1637 ed.
374 1576 560 1638 Reifferscb.:
598 1577 746 1649 ,Messalla
761 1574 902 1636 corvinus
916 1580 1016 1633 orator
1030 1580 1098 1632 ante
1113 1572 1261 1633 biennium

114 1695 200 1752 quam
214 1683 376 1737 moreretur
389 1679 432 1736 ita
446 1677 617 1736 memoriam
636 1693 671 1735 ao
689 1691 804 1735 sensum
826 1675 928 1744 amisit,
951 1665 1046 1732 ut‘vix
1059 1689 1153 1746 pauca
1172 1669 1263 1730 verba

115 1777 328 1852 coniungeret)
352 1774 513 1834 Vibulliano
535 1776 650 1847 corpori
671 1776 778 1849 elegias
800 1772 838 1833 ab
859 1791 893 1833 eo
914 1773 1025 1832 alienas
1045 1773 1169 1831 insertas
1191 1785 1261 1829 esse.

114 1877 167 1936 His
187 1879 277 1952 igitur
296 1875 383 1934 rebus
404 1874 536 1934 omnibus
557 1891 592 1935 eo
613 1875 754 1946 ducimur,
775 1880 809 1934 ut
829 1890 847 1933 a
868 1873 1033 1933 Messalino·
1046 1871 1162 1930 demum
1182 1870 1260 1930 Mes·
1289 1919 1294 1932 .

114 1975 204 2034 saliae
232 1973 293 2033 filio
324 1975 371 2031 vel
397 1973 434 2033 ab
465 1989 523 2031 uno
552 1989 588 2031 ex
617 1974 678 2032 eius
703 1973 801 2030 amicis
829 1970 883 2030 sub
904 1975 1027 2030 mortem
1048 1969 1142 2030 Ovidii
1170 1969 1216 2027 vel
1236 1969 1260 2026 si

113 2075 205 2148 magis
225 2073 322 2146 placet
342 2073 490 2132 nonnullis
511 2075 596 2132 annis
625 2077 694 2131 ante
716 2072 823 2146 elegias
851 2071 915 2129 illas
938 2076 972 2130 ut
991 2087 1059 2130 vere
1081 2069 1258 2129 Tibullianas

114 2173 206 2232 editas
227 2187 290 2230 esse
311 2175 478 2231 statuamus.
510 2173 647 2233 Fortasse
661 2173 748 2232 etiam
767 2171 831 2232 lieri
851 2171 957 2248 potuit,
978 2176 1012 2229 ut
1036 2185 1100 2229 cum
1113 2169 1259 2241 catalepta

114 2288 189 2344 quae
210 2271 331 2344 Vergilii
351 2286 414 2330 esse
434 2275 619 2344 putarentur,
641 2287 659 2328 a
679 2273 742 2330 viro
763 2271 864 2330 critico
885 2271 932 2330 vel
953 2269 1111 2344 bibliopola
1133 2267 1256 2342 quodam

114 2388 151 2430 ex
171 2369 324 2428 Messallae
353 2370 467 2428 scriniis
491 2368 687 2445 ederentur¹),
720 2371 793 2428 alius
822 2371 940 2430 criticus
962 2371 1112 2430 consilium
1130 2372 1259 2441 caperet,

115 2485 188 2544 quae
201 2475 262 2528 turn
276 2483 311 2527 ax
326 2466 433 2526 Tibulli
454 2469 566 2528 scriniis
587 2469 761 2542 deprompta
780 2471 811 2528 in
825 2470 981 2531 Messallae
1003 2470 1088 2529 domo
1109 2482 1260 2528 servaren-

114 2573 171 2640 tur,
207 2569 237 2627 in
265 2555 358 2629 lacem
387 2583 525 2628 revocare
556 2568 720 2643 publicique
750 2568 822 2626 iuris
853 2567 958 2628 lacere.
1015 2568 1099 2639 Quod
1129 2569 1154 2626 si
1186 2566 1259 2624 veri·
1295 2631 1301 2642 ‚

115 2670 207 2728 simile
233 2670 349 2729 videtur
377 2685 451 2742 esse,
484 2669 586 2728 eodem
610 2667 672 2726 lere
693 2675 824 2740 tempore
845 2684 901 2741 quo
930 2668 1068 2741 opuscula
1094 2665 1262 2740 Vergiliana

7 2760 8 2783 ¹
115 2766 204 2826 etiam
225 2781 330 2838 corpus
351 2764 547 2825 Vibullianum
566 2764 744 2839 publicatum
765 2771 822 2825 est.

200 2961 259 3022 Sed
279 2962 382 3036 pedem
404 2965 485 3039 sisto,
517 2970 550 3023 ut
570 2962 652 3023 brevi
673 2963 923 3038 eomprehendam,
953 2979 1028 3037 quae
1050 2976 1162 3021 summa
1183 2975 1259 3020 com·

118 3065 303 3123 mentationis
318 3069 435 3123 nostrae
449 3062 547 3123 luerit.
590 3062 798 3123 Demonstrare
813 3064 901 3137 igitur
915 3044 1037 3122 conatus
1053 3078 1114 3121 sum
1130 3062 1260 3120 carmina

188 3293 207 3360 ¹)
227 3297 287 3347 Hoc
305 3313 359 3347 non
384 3303 445 3346 anta
469 3311 566 3347 annum
592 3312 618 3362 p.
637 3295 699 3347 Chr.
720 3298 749 3346 ll
777 3297 878 3346 lactum
905 3310 963 3346 esse
990 3311 1097 3363 prorsus
1126 3295 1260 3347 adsentior

119 3381 280 3432 Baebi-aneio
299 3381 346 3445 (cl.
365 3383 383 3433 l.
403 3397 426 3432 c.
445 3399 472 3447 p.
493 3383 571 3449 143);
599 3383 644 3434 sed
668 3383 739 3448 qnod
756 3382 818 3433 ideo
836 3384 901 3448 quia
918 3381 1018 3433 Culicis
1037 3383 1108 3448 apud
1124 3383 1261 3434 Lucanum

7 3503 9 3550 ᾗ
117 3463 162 3530 (ci.
182 3465 253 3516 Suet.
273 3469 320 3518 vit.
338 3465 473 3533 setteis.)
493 3470 592 3520 mentio
610 3470 683 3519 facta
701 3474 764 3530 erat,
783 3471 934 3528 terminum,
953 3468 1169 3533 atqueadquem
1181 3469 1261 3519 editio
1304 3505 1306 3508 -

7 3551 8 3582 i
117 3551 245 3614 lactarit,
265 3553 319 3603 fere
331 3552 364 3602 ad
377 3568 400 3603 a.
414 3555 447 3602 65
466 3553 559 3604 delinit
571 3556 613 3605 vir
626 3555 805 3618 doctissimus,
823 3555 886 3606 huic
899 3555 1046 3605 sententiae
1058 3555 1260 3620 repugnandum

7 3645 8 3654 ¹
117 3642 164 3689 est.
200 3639 363 3689 Etiamnunc
381 3638 500 3689 Culicem
528 3639 640 3690 iuvenili
658 3640 771 3705 Vergilii
798 3640 883 3705 ipsius
910 3639 973 3690 ludo
998 3638 1089 3690 deberi
1112 3639 1191 3690 credo
1210 3655 1260 3690 neo

118 3725 205 3790 video,
233 3740 279 3774 cur
304 3741 357 3776 non
384 3727 439 3775 iam
462 3727 617 3776 anta-banc
635 3726 792 3793 Catalepton
817 3726 939 3792 syllogen
959 3740 1066 3776 carmen
1083 3727 1261 3791 separatima

118 3809 217 3876 populo
239 3811 336 3860 lectum
362 3825 419 3862 esse
445 3812 536 3878 possit,
572 3812 718 3862 cuiusmodi
743 3813 881 3880 exemplar
907 3811 1040 3862 Martialis
1067 3818 1261 3885 commemorat.

120 3897 211 3960 Neque
230 3898 302 3946 anim
319 3897 454 3964 intellego,
480 3913 526 3948 cnr
544 3897 679 3948 Baehrens
703 3897 731 3964 (l.
751 3913 774 3948 o.
792 3916 821 3966 p.
841 3901 892 3948 144
911 3899 1001 3950 adnot.
1014 3896 1039 3964 8)
1057 3899 1124 3950 haec
1151 3890 1262 3950 conteri·
1298 3931 1300 3938 ·

118 3982 199 4033 derit·
236 3983 377 4049 ,Martialis
395 3983 516 4033 erwltbnt
534 3984 607 4043 XIV,
632 3983 681 4034 185
701 3986 774 4036 einer
793 3984 1010 4053 sondarausgabe
1029 3985 1075 4037 des
1094 3985 1187 4048 Culex,
1206 3981 1282 4036 was'

119 4084 169 4118 nur
191 4071 253 4121 sinn
275 4069 356 4136 batte,
382 4086 459 4121 wenn
485 4069 528 4120 die
552 4073 798 4138 gesammtansgabe
822 4073 868 4123 der
887 4071 1020 4156 Catalepta
1044 4073 1125 4123 sebon
1149 4073 1263 4140 vorlag.¹

117 4153 173 4204 Nec
191 4154 272 4205 aliter
291 4156 357 4204 mira
375 4154 423 4205 illa
440 4154 583 4206 locutionis
600 4154 727 4206 uelimus
744 4156 854 4209 muudus
871 4160 1005 4226 repetitio,
1024 4173 1092 4224 quae
1111 4160 1162 4208 et'
1154 4175 1182 4209 ιιι
1200 4159 1260 4210 Cul.

118 4257 144 4290 v.
169 4241 217 4290 102
246 4247 272 4290 et
299 4238 370 4306 apud
392 4240 560 4307 Lygdamum
584 4244 666 4308 4,17
692 4244 802 4312 legitur,
821 4243 996 4309 probabiliter
1020 4245 1149 4312 explicari
1167 4253 1259 4311 potest,

117 4328 238 4391 quamsi
257 4325 442 4392 ,Lygdamum‘
460 4329 516 4378 lere
534 4345 556 4379 a.
576 4336 637 4379 ante
656 4328 718 4379 chr.
737 4331 771 4378 26
789 4343 847 4378 eam
865 4330 964 4396 legisse
982 4332 1131 4384 statuimus.
