2894 4838
719 200 867 288 „49-

221 399 407 474 psrlnstratis
428 398 514 460 Iacils
534 413 703 472 persuasum
725 396 846 457 habebis
878 411 936 458 non
956 412 1050 470 pauca
1069 397 1268 473 aLygdamo,
1291 413 1386 472 qnam

222 503 339 572 vocant,
362 515 420 560 uon
441 498 503 558 sine
523 499 639 570 ingenio
662 496 786 570 quodam
808 511 871 555 asso
892 498 1019 562 iuventa,
1042 500 1075 556 nt
1095 502 1228 558 nontam
1245 498 1389 558 imbecil-

222 599 266 660 lus
287 599 318 658 in
336 603 401 658 arte
425 598 541 672 poetica
560 598 690 658 imitator
711 612 774 658 4444
806 595 940 656 uideatur
969 611 1053 668 quam
1084 596 1170 670 vulgo
1204 598 1264 656 viri
1298 599 1386 658 docti

223 702 396 758 statuerunt.

306 993 353 1054 Ad
380 1010 415 1055 ea
437 1009 614 1068 accessurus,
649 1011 723 1068 quaa
747 997 834 1056 etiam
856 994 931 1069 apud
953 994 1024 1053 alios
1045 998 1146 1067 poetas
1166 994 1197 1051 in
1219 1009 1383 1066 compara·

221 1093 330 1154 tionem
351 1112 369 1154 a
392 1094 476 1154 nobis
499 1099 617 1156 vocatos
637 1101 764 1167 exstant,
793 1097 836 1154 ita
857 1111 918 1152 rem
939 1095 1097 1164 instituam,
1133 1097 1174 1164 ut,
1208 1091 1245 1153 de
1270 1093 1382 1167 quibus

222 1196 318 1268 poetis
345 1193 478 1265 Ovidius,
511 1196 558 1252 cui
588 1195 693 1254 librum
720 1196 839 1254 tertium
871 1193 1038 1263 tribuimus,
1074 1192 1202 1264 singulas
1239 1194 1381 1264 poeticas

220 1294 379 1354 locutiones
400 1292 612 1368 deprompserit
629 1300 659 1355 et
681 1294 718 1356 ad
739 1309 820 1352 nsum
841 1308 923 1352 suum
945 1289 1118 1359 adhibuerit,
1141 1306 1227 1364 qnam
1248 1307 1379 1352 accura-

221 1392 330 1452 tissime
352 1389 480 1452 afferam.

305 1591 350 1651 Ao
370 1592 505 1666 primum,
535 1605 602 1652 num
624 1593 739 1652 Ovidius
763 1591 948 1652 Lucretii
975 1589 1075 1662 libros,
1105 1603 1178 1662 quos
1208 1591 1319 1648 ceteris
1344 1592 1374 1647 in

220 1690 394 1748 carminibus
415 1692 580 1762 saepissime
601 1707 664 1750 enm
684 1693 827 1750 imitatum
857 1705 921 1750 esse
950 1690 1048 1750 docuit
1078 1687 1211 1762 Zingerle
1232 1689 1253 1746 l.
1275 1706 1305 1748 4.
1329 1689 1374 1758 (ΙΙ

220 1804 249 1860 p.
285 1790 436 1861 12-47y,
468 1792 582 1850 iamin
613 1791 667 1862 his,
702 1790 738 1850 de
767 1791 869 1864 quibus
898 1791 1011 1861 agitur,
1052 1789 1151 1862 elegiis
1182 1792 1374 1862 expresserit,

220 1886 331 1959 dubito,
355 1903 430 1962 444,
453 1905 528 1960 quaa
548 1890 610 1949 sola
630 1891 706 1963 apud
729 1881 882 1962 utrumque
903 1896 1019 1966 poetam
1051 1890 1198 1963 leguntur,
1230 1885 1372 1946 facillime

220 2001 256 2044 ex
276 2000 331 2044 usn
351 1991 502 2058 poetarum
524 1990 666 2047 communi
687 1973 826 2062 originem
848 1988 953 2048 ducere
974 1989 1132 2060 potuerint.
1173 1987 1248 2046 Sunt
1268 1993 1373 2044 autem

220 2085 308 2142 haec:
337 2095 449 2142 cecam
468 2078 615 2162 futuram
636 2089 666 2160 4,
698 2090 737 2145 47
759 2109 802 2136 =
823 2088 941 2146 Lucret.
968 2086 1020 2158 111,
1054 2087 1124 2144 486.
1148 2084 1201 2146 Ov.
1223 2086 1294 2146 Her.
1320 2084 1371 2154 IV,

224 2186 278 2244 131
314 2181 366 2255 (41.
389 2201 502 2244 aenum
523 2192 687 2244 ventarum
708 2186 795 2262 Verg.
819 2187 892 2246 Aen.
922 2186 1000 2259 VIII,
1033 2183 1125 2258 ⁶2⁷li
1151 2177 1251 2262 facta
1275 2179 1372 2263 impia

221 2285 251 2354 6,
272 2285 314 2341 42
336 2305 378 2332 =
400 2284 517 2344 Lucrct.
537 2285 562 2355 Ι,
585 2289 634 2358 83,
655 2303 728 2358 quae
752 2284 842 2345 verba
862 2285 951 2344 semel
974 2285 1061 2344 stiam
1082 2285 1160 2358 apud
1184 2282 1247 2343 (lat.
1269 2283 1370 2354 XXX,

220 2383 240 2438 4
262 2385 292 2439 et
314 2382 400 2452 Verg.
422 2380 496 2440 Aen.
519 2383 569 2453 lV,
592 2385 652 2442 596
675 2391 704 2444 et
727 2385 771 2445 bis
792 2386 867 2458 apud
886 2385 1016 2446 Ovidium
1031 2386 1101 2444 Har.
1113 2385 1151 2456 X,
1169 2386 1226 2443 100
1240 2387 1270 2441 et
1284 2384 1371 2442 Fast.

220 2477 258 2549 Π,
282 2480 321 2538 38
344 2481 499 2539 coniuncta
519 2485 602 2554 sunt3
623 2490 735 2542 menter
754 2479 896 2563 paoo'dae
919 2489 946 2558 4,
970 2487 989 2543 8
1011 2507 1054 2534 =
1074 2484 1189 2542 Lucret.
1210 2479 1260 2555 VI,
1285 2481 1339 2538 51.

303 2674 395 2738 Porro
424 2679 454 2738 in
476 2697 500 2740 e.
523 2683 541 2739 6
562 2699 589 2741 v.
612 2685 651 2742 39
674 2689 704 2742 et
726 2687 765 2743 40
786 2682 952 2758 Lygdamus
974 2685 1133 2746 Ariadnam
1153 2700 1171 2742 a
1192 2680 1307 2740 Theseo
1339 2682 1369 2740 in

219 2771 313 2836 insula
335 2778 418 2839 Naxo
440 2779 551 2854 perfide
573 2783 703 2843 relictam
724 2786 770 2844 his
791 2785 886 2845 verbis
907 2791 1127 2846 commemorat:

392 2873 447 2935 sie
469 2875 582 2940 44444441
596 2900 662 2960 pro
685 2891 712 2942 ie
734 2878 850 2958 doctas,
875 2877 986 2956 Minoa,
1011 2878 1166 2944 Catullus.

220 2974 328 3046 Quanti
349 2976 466 3036 Ovidius
487 2977 678 3039 Catullum
699 2985 904 3057 aestimaverit,
933 2989 964 3045 st
992 2984 1059 3046 inde
1088 2981 1174 3042 facile
1205 2981 1365 3050 concludes,

220 3075 296 3148 qnod
317 3077 379 3135 eius
400 3078 516 3148 saepius
537 3077 567 3135 in
597 3081 772 3142 carminibus
802 3084 861 3142 suis
890 3086 1066 3145 mentionem
1098 3082 1167 3143 fecit
1200 3099 1225 3142 4.
1251 3099 1279 3156 g.
1301 3080 1366 3138 Am.
1417 3091 1418 3094 ’

219 3173 272 3245 III,
304 3175 332 3246 9,
364 3176 402 3232 62
436 3172 498 3248 (ubi
520 3174 663 3240 Catullum
692 3180 793 3241 eodem
819 3182 905 3243 modo
935 3178 1081 3256 ,44444444ί
1099 3181 1245 3256 nominat)
1268 3182 1316 3246 15,
1340 3181 1366 3236 7·

219 3272 307 3330 Trist.
346 3271 392 3346 II,
424 3276 501 3350 427,
541 3281 570 3335 et
608 3291 728 3352 prorsus
769 3297 936 3354 persuasum
967 3281 1023 3341 tibi
1050 3281 1187 3356 habebis,
1223 3282 1265 3356 si,
1295 3292 1368 3350 quae

219 3369 354 3444 Zingerle
376 3371 390 3430 1
411 3390 438 3447 p.
462 3375 584 3435 36-55
608 3381 764 3454 congessit,
786 3381 1019 3452 perlustraveris.
1064 3381 1122 3442 Sed
1143 3381 1314 3453 priusquam
1336 3393 1369 3436 44

219 3471 361 3531 orationis
382 3472 502 3543 lumina,
528 3491 601 3548 quae
629 3478 796 3552 Lygdamus
818 3483 878 3540 sine
900 3481 985 3540 dubio
1013 3482 1049 3540 de
1072 3480 1185 3541 Catullo
1213 3477 1369 3551 depromp-

220 3571 300 3641 serit,
324 3585 534 3648 enumeremus,
556 3574 643 3634 liceat
662 3577 720 3636 alia
742 3577 854 3652 afferre,
878 3597 953 3653 quae
974 3583 1054 3654 quasi
1072 3599 1107 3641 ex
1122 3581 1227 3641 scrinio
1241 3577 1369 3638 eiusdem

220 3664 327 3728 ossum
350 3649 468 3730 aniius
491 3673 764 3737 cartusienses.

223 3855 225 3862 Α
304 3769 347 3827 Ac
368 3771 492 3842 primum
514 3769 614 3833 fabula
641 3773 798 3855 Arladnae,
827 3796 914 3852 quam
944 3779 1116 3855 Lygdamus,
1148 3797 1234 3855 quem
1260 3779 1367 3850 dicunt,

220 3867 239 3925 l.
261 3883 286 3925 c.
308 3871 407 3939 paucis
428 3872 581 3943 percurrit,
603 3875 663 3936 iam
684 3893 702 3935 4
725 3877 839 3940 Catullo
861 3883 890 3939 in
911 3882 1089 3956 digressione
1108 3884 1159 3942 illa
1180 3881 1368 3944 celeberrima

220 3980 246 4023 c.
261 3965 356 4024 LXIV
370 3970 482 4030 inserta
504 3972 650 4034 celebrata
671 3981 724 4044 est,
745 3995 780 4037 ex
803 3996 858 4052 quo
878 3980 943 4042 loeo
964 3999 1085 4058 prorsus
1106 3982 1233 4056 pandere
1253 3979 1367 4040 Ouidia-

221 4081 277 4126 naa
315 4069 455 4141 epistolae
493 4072 619 4132 decimae
669 4085 870 4150 argumentum
905 4087 935 4142 et
963 4082 1133 4143 divisionem
1160 4079 1368 4144 demonstravit

222 4164 408 4270 Zingerless
429 4184 457 4243 p.
474 4167 538 4248 50).
579 4167 692 4235 Deinde
718 4169 868 4238 Miaoidc'e
890 4198 995 4243 nomen
1015 4184 1046 4241 in
1067 4183 1214 4258 Lygdam‘r
1231 4181 1366 4242 carmInis
