2894 4838
662 758 795 846 Oaros
820 761 892 845 IV.
989 703 993 712 ·
1111 709 1115 720 ·

284 978 328 1038 Aa
348 979 478 1064 ‚primum
505 979 620 1053 quidem
639 976 732 1054 <quam
759 980 925 1040 brevissima
947 980 982 1038 de
1004 985 1069 1042 arte
1091 983 1253 1040 metrica
1279 981 1366 1040 libri

201 1078 281 1136 tertii
310 1093 436 1152 agamus.
486 1077 532 1137 De
560 1095 617 1151 qua
645 1095 819 1152 quamquam
845 1080 874 1140 in
902 1079 1067 1138 universum
1095 1085 1175 1139 reete
1206 1079 1368 1141 Larianus

203 1175 329 1235 Mueller
357 1180 498 1257 exposuit,
527 1193 594 1236 cnm
622 1180 653 1236 in
680 1177 776 1238 indica
804 1178 992 1250 grammatico
1020 1177 1139 1238 editioni
1169 1176 1367 1241 Tibulliauae

203 1275 317 1334 adnexo
336 1293 364 1349 p.
381 1278 419 1334 62
444 1277 627 1351 Lygdamum
648 1279 735 1351 plane
757 1278 883 1338 eiusdem
904 1278 976 1336 artis
999 1278 1137 1338 metricae
1153 1294 1187 1337 ac
1202 1277 1366 1339 Tibullum

204 1393 269 1436 esse
291 1376 418 1454 doceret,
440 1383 537 1438 tamen
561 1379 591 1438 in
613 1380 731 1452 singulis
752 1379 934 1438 dissentiunt.

286 1475 382 1535 Adeas
415 1492 543 1548 mecum,
579 1479 603 1536 si
638 1479 743 1551 placet,
781 1477 973 1538 clausulas
1009 1480 1366 1548 pentametrorum.

202 1576 402 1634 Interamnae
425 1582 547 1649 constat,
570 1578 854 1650 praestantissimum
876 1592 1016 1650 quemque
1037 1577 1228 1649 elegiacorum
1250 1579 1365 1649 poeta-

203 1690 267 1731 rum
289 1675 483 1735 Romanorum
506 1676 536 1735 id
558 1675 714 1746 laborasse,
737 1682 770 1737 nt
791 1673 920 1736 iambicis
942 1677 1109 1748 plerumque
1131 1673 1225 1734 verbis
1247 1679 1365 1745 penta·

204 1775 291 1832 metri
312 1775 523 1836 clauderentur.
567 1777 651 1849 Quod
672 1781 809 1852 quantam
830 1774 963 1835 habuerit
984 1771 1196 1844 difficultatem,
1227 1781 1364 1846 apparet

203 1891 239 1934 ex
262 1873 387 1948 Catullo,
416 1877 563 1950 Propertii
592 1879 692 1950 primis
721 1875 811 1949 libris,
835 1877 906 1948 aliis,
931 1877 981 1948 qui
1002 1874 1124 1948 penuria
1144 1871 1361 1932 vocabulorum

203 1973 372 2033 idoneorum
394 1976 487 2033 coacti
509 1974 676 2048 saepissime
690 1976 806 2033 uocibus
828 1975 892 2046 plus
913 1974 1035 2033 duarum
1051 1973 1227 2047 syllabarum
1246 1977 1359 2046 penta-

204 2077 312 2131 metros
332 2071 498 2132 finiverunt.

288 2172 464 2234 Catullus
493 2175 593 2250 igitur,
623 2183 655 2235 ut
683 2173 836 2234 historiam
865 2189 962 2234 versus
992 2174 1168 2246 pentametri
1195 2188 1285 2245 usque
1315 2173 1361 2231 ad

204 2274 337 2340 Ovidium
359 2273 527 2334 brevissime
550 2293 693 2347 enarrem,
715 2291 834 2350 prorsus
851 2276 971 2350 vestigia
994 2279 1145 2347 poetarum
1156 2273 1360 2345 elegiacorum

177 2374 384 2432 ·Graecorum
417 2376 537 2443 premit,
569 2375 644 2446 apud
674 2389 745 2443 quos
776 2389 843 2431 usus
872 2375 1115 2445 polysyllabarum
1139 2387 1240 2431 vocum
1261 2375 1293 2428 ut
1323 2371 1360 2428 in

204 2472 437 2529 hexametrorum
460 2471 502 2528 ita
522 2472 552 2528 in
574 2473 821 2540 pentametrorum
836 2470 969 2527 clausulis
991 2477 1055 2528 erat
1077 2470 1163 2526 tritus
1186 2474 1216 2525 at
1236 2471 1361 2540 pervul-
1444 2523 1445 2530 ,

204 2572 289 2643 gatus
315 2583 368 2628 nec
398 2567 514 2635 habuit,
538 2568 615 2640 quod
642 2583 741 2636 eorum
763 2583 848 2625 aures
869 2565 1037 2626 offenderet.
1080 2567 1124 2626 De
1147 2581 1205 2638 qua
1227 2581 1359 2634 recon-

204 2664 281 2727 feras
309 2667 435 2730 tabulam
465 2666 501 2726 ab
531 2667 692 2740 Hultgreno
723 2665 856 2740 (observ.
878 2666 988 2725 metria.
1017 2667 1048 2725 in
1077 2671 1181 2738 poetas
1207 2666 1359 2739 elegiacos

206 2765 330 2828 Graecos
360 2773 389 2827 et
417 2766 545 2828 Latinos.
567 2784 634 2840 pars
662 2767 751 2842 prior.
781 2769 812 2827 iu
841 2774 1059 2844 programmate
1088 2767 1231 2856 gymnasii
1259 2765 1359 2825 Nicol.

203 2865 364 2940 Lipsiensis
398 2862 491 2942 1871)
518 2869 704 2941 propositam.
747 2867 787 2927 Ut
816 2884 904 2927 unum
934 2868 1064 2940 afferam,
1087 2867 1219 2927 Catullus
1249 2872 1296 2925 ter
1324 2871 1358 2924 et

203 2969 332 3040 octogies
354 2972 567 3040 pentametrum
589 2967 775 3038 anapaestiea
796 2983 874 3039 uoce,
898 2983 971 3040 quae
994 2968 1121 3028 clausula
1141 2972 1244 3039 postea
1260 2967 1357 3026 duris·

204 3068 278 3125 sima
308 3066 444 3126 Romanis
477 3081 540 3148 esse
568 3065 736 3136 videbatur,
768 3067 871 3126 clausit
900 3083 967 3126 nea
983 3069 1097 3140 saepius
1126 3082 1211 3140 quam
1246 3067 1357 3126 centies

205 3167 291 3226 vicies
313 3171 359 3226 ter
379 3167 523 3240 legitimus
545 3162 609 3224 linis
630 3163 789 3238 bisyllabus
811 3166 887 3238 apud
910 3183 975 3226 eum
996 3167 1112 3241 legitur.

289 3265 422 3324 Eandem
451 3267 593 3326 rationem
620 3267 651 3325 in
680 3265 810 3325 versibus
840 3261 1029 3338 pentametris
1058 3266 1218 3342 pangendis
1240 3265 1356 3324 videtur

205 3369 320 3425 secutus
342 3381 406 3426 essa
427 3366 603 3426 Licinius
626 3365 777 3434 Calvus,
800 3383 836 3426 ex
864 3367 943 3426 cuius
971 3371 1122 3440 quattuor,
1152 3368 1200 3439 qui
1230 3369 1353 3435 exstant,

207 3465 395 3540 pentametris
418 3465 474 3526 duo
496 3466 633 3526 vocabulo
655 3466 807 3540 trisyllaba
829 3466 1002 3526 clauduntur
1023 3465 1071 3538 (ci.
1093 3466 1126 3524 L.
1149 3465 1272 3526 Mueller
1297 3463 1354 3526 Ga·

207 3567 271 3625 tull.
292 3583 321 3640 p.
344 3559 407 3643 86).

291 3666 463 3725 Accuratius
485 3665 561 3724 hunc
582 3679 699 3724 versum
720 3667 874 3739 perpolivit
895 3665 1086 3734 Tibullus,
1108 3682 1171 3725 eum
1193 3664 1353 3723 luculenter

207 3781 326 3839 operam
355 3766 451 3835 daret,
480 3771 512 3824 ut
538 3763 654 3824 vocibus
683 3765 829 3837 disyllabis
857 3771 1056 3852 pentametros
1085 3763 1240 3826 clauderet.
1291 3763 1352 3824 Iam

208 3864 286 3938 apud
307 3880 371 3924 eum
398 3867 430 3925 in
457 3867 551 3939 primo
578 3864 758 3940 secundoque
779 3865 861 3924 libris
882 3872 910 3926 et
935 3868 963 3924 iu
986 3865 1053 3926 libri
1074 3866 1171 3938 quarti
1193 3863 1281 3923 tertia
1301 3861 1351 3922 ‹le-

207 3967 284 4026 cima
305 3971 334 4024 et
355 3970 458 4038 quarta
480 3966 591 4026 decima
613 3967 713 4040 elegiis
735 3996 771 4010 ·-
798 3971 959 4027 ceterorum
982 3967 1056 4026 enim
1083 3965 1150 4026 libri
1170 3964 1267 4038 quarti
1289 3978 1350 4022 car·

209 4064 330 4138 minum,
361 4081 425 4124 cum
454 4081 511 4125 non
539 4067 617 4124 inter
645 4079 746 4125 omnes
775 4071 894 4139 constet,
917 4083 985 4126 num
1006 4084 1074 4127 rere
1103 4065 1265 4126 Tibulliana
1285 4063 1349 4133 sint,
1444 4073 1445 4084 ³

208 4167 351 4227 rationem
365 4181 422 4226 non
436 4163 532 4227 habeo
548 4195 587 4207 -—
602 4172 635 4226 ut
649 4166 830 4227 durissimam
845 4168 1000 4228 clausulam
1015 4165 1142 4237 afferam,
1155 4165 1255 4240 viginti
1269 4168 1349 4237 quat·
