2894 4838
680 251 697 308 5

615 333 761 341 ——·-—-—-=

202 455 294 514 Poeta
321 453 408 528 igitur
436 467 512 510 auno
541 451 605 522 illo,
627 465 683 522 qno
712 452 811 510 eonsul
833 456 953 527 uterque
982 453 1046 526 pari
1067 451 1127 512 fato
1155 453 1259 516 cecidit

118 557 139 615 i.
162 573 189 614 e.
212 570 285 613 anno
306 557 374 612 ante
389 551 458 612 Chr.
474 554 535 610 nat.
551 549 770 626 quadragesimo
792 553 881 611 tertio
902 557 988 612 natus
1012 559 1065 613 est.
1103 553 1166 612 Hoo
1180 555 1258 615 enim

119 670 197 714 anno
221 653 324 712 bellum
352 652 518 712 Mutinense
547 656 678 710 exortum
706 655 758 723 est,
781 669 836 725 quo
857 649 890 710 0.
912 650 1014 712 Vibius
1036 653 1133 712 Pansa
1161 654 1259 714 consul

120 757 153 814 in
172 753 281 827 proelio
310 757 412 812 eontra
432 751 599 822 Antonium,
622 751 671 823 qui
698 749 846 810 Decimum
875 751 997 812 Brutum
1023 754 1155 814 Mutinae
1182 752 1258 813 obsi-

123 855 204 914 dione
229 853 381 928 clauserat,
403 849 480 912 faeto
500 852 665 910 vulneratus
693 850 844 910 Bononiae
866 851 937 911 obiit
958 856 986 910 et
1007 852 1043 911 A.
1065 853 1178 911 Hirtius
1200 855 1258 912 ool·

119 955 185 1028 lega
205 955 299 1013 vietor
319 954 349 1011 in
370 951 481 1027 proelio
502 952 662 1012 Mutinensi
683 951 745 1023 ipso
759 948 927 1010 interfectus
941 956 995 1010 est.
1030 950 1149 1011 Oonstat
1163 957 1260 1014 autem

120 1053 245 1113 eundem
275 1069 337 1112 esse
366 1067 429 1110 eum
456 1068 570 1124 annum,
600 1066 655 1124 qno
677 1050 710 1108 P.
740 1051 857 1110 Ovidius
886 1050 964 1112 Naso
988 1053 1019 1111 in
1048 1052 1139 1111 lucem
1165 1053 1261 1112 editus

118 1155 169 1226 sit,
191 1154 240 1228 qui
260 1152 359 1212 iisdem
380 1151 474 1211 verbis
495 1151 531 1210 de
554 1167 586 1210 se
606 1155 730 1210 testetur
752 1152 839 1210 Trist.
861 1152 911 1223 IV,
938 1154 984 1221 10,
1009 1153 1035 1210 5.
1055 1154 1087 1210 6:

250 1279 349 1344 edituo
371 1278 443 1343 biae
465 1301 520 1364 epo
542 1300 787 1358 submurmurent
809 1291 842 1341 ut
864 1291 1004 1364 temporo
1024 1281 1123 1344 aeris:

356 1402 425 1444 eum
445 1378 555 1443 cecedit
567 1377 646 1463 foto
666 1379 918 1465 consolatorque
935 1382 1024 1464 puri.

206 1518 268 1578 Iam
299 1533 470 1591 quamquam
498 1518 629 1578 nonnulli
650 1534 685 1577 ex
705 1519 774 1577 viris
797 1518 886 1578 doctis
902 1519 968 1578 illos
982 1535 1081 1578 versus
1096 1519 1154 1578 alia
1167 1519 1257 1578 inter·

119 1619 283 1693 pretatione
303 1635 426 1693 urguere
448 1621 544 1677 eonati
566 1624 642 1690 sunt,
666 1623 762 1677 tamen
784 1618 855 1676 nibil
876 1619 1069 1690 protulerunt,
1093 1618 1168 1691 quod
1189 1635 1258 1692 pro-

120 1719 216 1780 babile
237 1719 283 1777 sit.
326 1718 412 1778 Velut
434 1718 726 1792 Golberyxsoriptnra

329 1842 479 1912 Natalem
500 1847 601 1912 nostri
618 1848 758 1931 primam
778 1845 883 1909 vidore
901 1859 1048 1930 parentes
1171 1871 1188 1904 ο

119 2000 169 2060 ,ex
200 1984 292 2046 libris‘
335 1991 408 2047 teste
446 1988 632 2048 Lachmanno
677 1989 787 2061 ,paneis
817 2003 870 2046 neo
898 1985 991 2046 bonis‘
1027 1988 1058 2046 in
1093 1992 1259 2047 contextum

120 2085 272 2146 verborum
300 2092 417 2160 recepta
446 2104 551 2148 annum
575 2087 823 2161 quadragesimum
844 2089 968 2146 alterum
988 2088 1143 2161 intellegit.
1184 2086 1259 2146 Boni

1 2225 2 2229 =
119 2191 215 2245 autem
245 2187 358 2246 oodioas
389 2203 453 2246 eam
484 2187 625 2261 praebent
652 2189 814 2258 lectionem,
848 2203 920 2260 quae
949 2204 1024 2246 nuno
1055 2187 1138 2260 vulgo
1164 2185 1259 2246 fertur

120 2279 274 2362 (natalem
291 2282 397 2364 priore
417 2283 578 2367 bostrom),
600 2291 643 2350 ita
662 2293 695 2346 ut
716 2287 827 2348 Natalis
841 2288 878 2346 sit
892 2286 972 2346 deus.
1001 2285 1094 2346 Porro
1107 2286 1258 2358 Ayrmann

120 2401 186 2444 oum
207 2401 262 2460 pro
284 2381 538 2448 eectdttvocabulo
559 2384 650 2447 oesoit
671 2387 900 2448 substituendum
920 2401 981 2446 esse
1003 2386 1181 2459 coniecisset,
1195 2399 1258 2445 rem

119 2483 159 2544 ad
185 2501 304 2546 aunum.
318 2487 565 2564 quadragesimum
592 2506 697 2549 nonum
724 2488 848 2555 rettulit,
869 2504 924 2567 qup
953 2489 987 2547 L.
1013 2486 1148 2548 Claudius
1175 2483 1257 2546 Mar·

119 2585 208 2644 oellus
237 2585 271 2646 L.
301 2583 451 2646 Cornelius
478 2604 548 2660 eos,
578 2606 641 2648 oum
670 2588 780 2649 Caesar
800 2588 865 2648 urbi
887 2588 1141 2661 adpropinquaret,
1163 2586 1257 2646 Roma
1316 2575 1323 2589 ’

118 2687 222 2745 relicta
241 2685 435 2747 Brundusium
457 2693 487 2748 et
510 2689 576 2748 inde
598 2688 635 2748 ab
656 2689 711 2748 hoo
731 2689 836 2763 oppido
855 2690 887 2747 in
901 2688 1052 2748 Graeciam
1066 2690 1256 2746 recesserunt.

119 2785 175 2846 Sed
197 2803 248 2845 our
275 2787 346 2848 haee
373 2787 443 2863 luga
463 2781 574 2865 fotam
601 2790 679 2849 diota
705 2795 781 2850 esset
808 2791 940 2862 apoeta,
970 2802 1022 2845 neo
1050 2785 1258 2844 demonstravit

119 2901 172 2946 neo
203 2885 399 2948 demonstrare
430 2889 534 2961 potuit.
578 2887 638 2948 Neo
667 2891 776 2948 maiore
806 2886 1012 2964 probabilitate
1041 2881 1257 2946 commendatur

120 2984 259 3045 Oebeekii
279 2988 452 3060 coniectura,
475 2988 523 3062 qui
537 3004 651 3049 versum
671 2990 750 3048 illum
773 2989 989 3048 celeberrimum
1010 2985 1120 3060 elegiae
1141 2985 1256 3056 quintae

119 3081 210 3145 refert
238 3087 274 3146 ad
307 3103 413 3146 annum
445 3091 650 3164 octogesimum
678 3091 812 3162 tertium,
842 3105 898 3163 quo
925 3089 958 3148 L.
981 3085 1132 3146 Cornelius
1160 3085 1256 3159 Soipio

120 3184 153 3245 G.
175 3186 272 3246 Iunius
294 3186 449 3248 Norbanus
471 3203 528 3249 eos.
551 3191 580 3249 vi
602 3195 689 3263 atque
710 3189 776 3248 dolo
798 3205 816 3250 a
837 3189 868 3248 0.
890 3187 1022 3260 Cornelio
1045 3185 1126 3246 Sulla
1146 3186 1176 3243 in
1196 3185 1256 3246 Ita·

119 3285 188 3344 liam
208 3302 323 3347 reverso
344 3289 410 3348 vieti
430 3294 505 3348 sunt.
549 3289 660 3349 Contra
681 3306 766 3366 quam
786 3290 983 3363 opinationem
1010 3303 1074 3346 oum
1102 3285 1152 3345 alii
1174 3285 1255 3344 dixe·

119 3390 187 3444 runt
213 3391 275 3446 tum
307 3388 412 3446 Dissen
440 3385 489 3463 (de
517 3390 577 3448 vita
604 3387 712 3448 Tibulli
740 3406 768 3462 p.
798 3389 899 3449 XXIX
930 3387 1003 3463 sqq.)
1033 3387 1256 3460 locupletissima

118 3491 290 3560 argumenta
311 3488 462 3562 congessit.

202 3587 309 3647 Versus
337 3588 427 3662 igitur
454 3588 507 3661 III,
538 3592 564 3661 5,
597 3593 644 3662 18,
674 3591 701 3648 si
728 3589 801 3650 liber
828 3589 932 3648 tertius
961 3587 1077 3648 Tibullo
1108 3584 1256 3658 tribuitur,

120 3683 205 3744 buius
232 3701 338 3746 aunum
366 3688 491 3748 natalem
523 3689 561 3750 ad
593 3705 700 3748 annum
729 3688 980 3764 quadragesimum
1008 3687 1125 3748 tertium
1155 3681 1254 3744 refert.

120 3781 178 3843 Sed
199 3783 329 3846 Tibullus
350 3789 375 3846 si
395 3788 445 3847 illo
467 3804 543 3850 anno
567 3793 650 3850 natus
671 3787 779 3862 lubeat,
802 3787 941 3849 tredecim
964 3788 1010 3847 vel
1028 3784 1255 3860 quattuordecim

119 3885 164 3943 vel
185 3886 346 3959 quindecim
374 3904 515 3948 annorum
544 3889 653 3948 iuvenis
673 3888 749 3947 bello
770 3888 943 3962 Aquitaniae
965 3883 1141 3946 interfuisset
1162 3890 1200 3958 et,
1224 3889 1257 3942 nt

119 3985 180 4060 ipse
200 3986 271 4045 dicit
291 3989 321 4046 in
340 3987 387 4048 lib.
409 3988 424 4046 I
444 4005 468 4049 o.
492 3991 510 4046 7
532 4006 557 4047 v.
581 3992 615 4048 9:

233 4105 308 4172 Noa
328 4107 397 4173 siue
417 4120 492 4172 mest
515 4107 571 4172 titt
592 4113 621 4189 (i.
644 4129 669 4172 e.
691 4109 856 4186 Messallae)
875 4116 991 4190 partae
1012 4103 1113 4182 lenos,

121 4251 177 4296 non
200 4237 262 4298 siue
281 4238 374 4311 gloria
395 4254 456 4298 rem
476 4239 617 4313 gessisset.
