2894 4838
729 200 878 286 ja„

385 385 533 453 Coroneae
546 387 719 473 formosae,
736 391 840 474 pretio
861 391 1032 474 capiantur
1052 415 1192 461 avarae:
1220 446 1223 452 .

426 483 582 566 Gaudeat,
604 499 638 552 ot
659 485 796 574 deponet,
818 487 959 554 versibus
979 487 1041 554 itta
1061 493 1167 572 mast,

233 637 296 682 cum
318 625 346 684 ei
366 623 494 685 libellum
516 625 690 685 carminibus
711 627 769 685 suis
788 621 929 686 refertum
950 623 1033 686 festis
1054 626 1186 689 kalendis
1209 633 1306 695 donet.

164 707 167 716 ’
315 723 372 784 Sed
392 722 439 784 fac
459 723 594 785 Fuesium
613 730 724 786 rectam
747 724 821 784 dam
842 725 1003 799 ingressum
1025 725 1235 789 demonstrasse
1261 731 1387 794 Deliam

231 820 352 884 eandem
380 837 441 882 csse
468 837 503 883 ac
531 824 683 896 Neaeram,
708 823 783 896 qnod
804 823 996 884 demonstrari
1027 827 1143 901 nequit,
1176 843 1232 901 qua
1258 833 1389 892 ratione

230 939 320 997 porro
339 922 459 996 probari
479 927 584 1000 petest,
600 925 728 984 carmina
748 922 816 982 libri
835 925 916 984 tertii
937 924 1101 1001 elegiasque
1121 926 1189 986 libri
1209 929 1294 1002 primi
1315 947 1385 989 non

231 1037 288 1082 uno
317 1027 347 1082 et
375 1022 476 1082 eodem
502 1027 634 1096 tempore
663 1025 748 1083 simul
780 1039 844 1084 esse
876 1022 976 1084 edita?
1020 1025 1099 1098 Quae
1126 1028 1181 1088 hac
1210 1029 1246 1088 de
1274 1045 1305 1088 re
1331 1032 1390 1090 vir

232 1123 333 1184 doctus
353 1123 488 1195 disputat,
511 1138 549 1181 ne
572 1123 718 1182 minimam
748 1123 863 1198 quidem
882 1122 1118 1197 probabilitatem
1147 1125 1257 1187 habent
1284 1146 1387 1202 neque

230 1223 326 1282 verius
347 1230 398 1292 est,
420 1221 498 1296 quod
519 1223 549 1281 in
569 1240 598 1296 p.
622 1223 661 1282 53
682 1223 772 1284 libelli
793 1221 907 1285 scribit:
951 1221 1109 1299 ,Summam
1136 1223 1304 1287 felicitatem
1327 1229 1386 1287 Ti-

232 1319 336 1394 bullus,
359 1320 426 1381 dnm
447 1320 551 1382 Plania
572 1324 695 1398 innupta
715 1328 789 1397 erat,
805 1326 835 1383 in
848 1324 909 1383 vita
928 1325 1050 1384 iucunde
1071 1341 1136 1382 cum
1156 1341 1192 1385 ea
1213 1329 1274 1387 ruri
1295 1333 1386 1388 tran-

230 1421 351 1497 sigenda
371 1422 508 1494 ponebat‘
529 1423 681 1497 pergitque
703 1422 765 1495 ,sed
787 1423 929 1497 quomodo
949 1424 1080 1484 Planiam
1094 1425 1144 1484 alii
1157 1427 1219 1486 viro
1234 1426 1386 1487 addictam

231 1523 277 1581 vel
297 1527 417 1596 nuptam
439 1522 476 1582 ad
497 1521 572 1582 vitae
593 1524 718 1582 rusticae
740 1523 908 1581 societatem
928 1523 1054 1583 inritare
1074 1523 1235 1597 potueritl‘

315 1621 398 1680 Hane
425 1621 620 1681 coniecturam
649 1619 758 1680 refutat
788 1622 881 1694 elegia
908 1620 1034 1680 secunda
1061 1621 1130 1679 libri
1151 1626 1236 1695 primi
1259 1632 1386 1685 auctore

231 1721 338 1780 Fussio
366 1725 433 1794 post
460 1719 529 1779 libri
557 1721 636 1781 tertii
666 1720 794 1781 carmina
821 1721 938 1794 scripta,
965 1720 995 1779 in
1025 1736 1082 1793 qua
1102 1721 1204 1780 vividis
1232 1725 1386 1785 coloribus

231 1837 394 1898 magnoque
416 1837 515 1881 amora
536 1837 583 1882 res
603 1821 729 1882 rusticae
743 1821 860 1894 vitaque
881 1820 943 1878 ruri
964 1820 1153 1893 transigenda
1167 1821 1385 1882 describuntur.

231 1921 399 1996 Lygdamus
418 1938 483 1981 cum
505 1923 582 1983 dicat
606 1937 638 1980 se
658 1903 717 1980 non
738 1925 842 1993 optare
863 1920 976 1979 divitias
997 1936 1123 1995 opesque
1142 1926 1228 1996 atque
1250 1937 1383 1995 pauper-

231 2025 323 2082 tatem
345 2019 402 2079 sibi
422 2025 536 2094 gratam
558 2035 631 2093 esse,
652 2023 749 2079 tamen
770 2035 836 2078 eum
857 2021 937 2078 iurat
957 2020 1045 2078 vitam
1066 2021 1228 2092 lautiorem,
1251 2021 1385 2080 honores

231 2127 299 2194 post
327 2126 452 2200 mortem
479 2117 648 2196 habendos,
677 2119 781 2181 librum
808 2134 893 2192 quem
919 2117 956 2178 ad
984 2117 1130 2178 Neaeram
1149 2121 1248 2187 mittit,
1269 2125 1383 2180 vestem

231 2223 384 2296 Apollinis,
408 2220 465 2282 alia
486 2238 571 2295 quam
593 2219 737 2280 uberrime
759 2216 934 2292 describere,
949 2235 1023 2292 quae
1044 2220 1140 2280 omnia
1160 2220 1302 2281 urbanum
1325 2220 1382 2278 ho·

230 2325 336 2382 minem
364 2322 499 2395 urbisque
527 2322 678 2390 icamiam,
701 2334 759 2378 non
782 2319 995 2391 simplicitatem
1024 2319 1216 2380 Tibullianam
1245 2320 1383 2379 videntur

231 2419 402 2494 significare.
446 2418 570 2477 Omnino
599 2415 674 2476 liber
703 2418 806 2476 tertius
833 2429 954 2489 prorsus
977 2417 1064 2475 aliam
1085 2417 1211 2477 indolem
1231 2420 1323 2492 spirat
1343 2435 1383 2479 ac

232 2518 343 2579 Tibulli
364 2518 490 2592 elegiae:
513 2515 619 2589 ubique
642 2513 868 2588 deprehenditur
887 2514 974 2572 homo
997 2512 1128 2574 urbanus
1149 2518 1180 2573 et
1200 2515 1231 2573 in
1253 2514 1384 2577 delicata

188 2594 195 2621 ¹
221 2618 433 2693 ,luxuriosaque
453 2614 526 2675 urbe
550 2615 643 2678 Roma
656 2613 789 2704 adultus,
815 2615 863 2690 qui
885 2627 936 2673 rus
959 2614 1077 2687 eiusque
1101 2615 1289 2675 amoenitates
1317 2630 1380 2677 non

229 2717 284 2780 nisi
311 2717 426 2778 auditas
452 2713 568 2776 videtur
597 2713 714 2777 habere.
756 2711 848 2774 Poeta
875 2714 970 2790 igitur·
984 2727 1049 2774 cum
1074 2716 1161 2790 longe
1182 2713 1268 2775 astet
1289 2729 1308 2774 a
1328 2714 1380 2772 Ti·

228 2817 308 2878 bullo
330 2815 378 2889 (of.
393 2815 430 2890 11,
448 2819 476 2889 3,
493 2817 511 2873 2
531 2809 664 2896 ferreae
686 2821 738 2893 est,
759 2807 819 2874 bert
838 2807 906 2889 bra,
928 2808 1070 2896 quosqam
1096 2809 1132 2872 a’rc
1160 2807 1236 2873 arbe
1260 2813 1379 2890 maaet)

230 2919 324 2980 simile
353 2915 414 2978 fere
442 2918 532 2976 sentit
561 2916 714 2990 Sulpiciae,
737 2931 812 2989 quae
840 2912 878 2972 ad
904 2914 1072 2974 Messallam
1093 2914 1165 2975 haec
1186 2911 1275 2975 verba
1296 2912 1380 2986 (Tib.

228 3015 279 3086 IV,
301 3019 330 3092 8,
356 3021 370 3076 1
391 3017 468 3092 sqq.)
491 3017 621 3089 scripsit:

390 3159 520 3225 Iaoa'orm
540 3157 658 3223 natalia
680 3157 777 3236 odeat,
799 3159 853 3244 qaa'
874 3179 969 3221 rare
988 3157 1155 3222 molesto

488 3257 533 3324 Er
553 3259 622 3323 sine
646 3255 793 3324 Cerintho
814 3257 912 3321 tricae
935 3253 1076 3346 sporadas
1098 3258 1167 3322 erit.
1240 3274 1242 3282 ’

388 3355 566 3426 Dulcius
586 3357 683 3424 arbe
705 3354 805 3443 qaid
826 3357 904 3422 est?

314 3504 376 3564 Nec
405 3500 695 3576 praetermittendam
721 3514 787 3560 esse
808 3499 980 3560 sententiam
1001 3501 1080 3574 puto,
1102 3513 1186 3571 quam
1206 3497 1236 3556 in
1259 3513 1283 3556 c.
1308 3499 1326 3557 3
1348 3515 1379 3559 v.

230 3607 271 3666 20
291 3604 463 3680 pronuntiat
483 3601 663 3676 Lygdamus:

539 3727 632 3813 falso
648 3726 794 3814 plurim
815 3726 925 3814 colpus
947 3735 1043 3804 amat,

230 3886 316 3948 quam
337 3879 367 3932 et
386 3873 479 3947 ipsam
500 3869 610 3931 frustra
632 3883 753 3945 quaeras
774 3865 850 3943 apud
871 3865 1027 3927 Tibullum.
1064 3863 1139 3925 Nam
1162 3881 1198 3925 ex
1216 3863 1261 3924 his
1282 3863 1376 3925 verbis

230 3971 315 4039 facile
340 3970 495 4032 concludes
523 3986 588 4031 enm
607 3969 656 4044 qui
677 3969 827 4041 scripserit
848 3965 954 4027 librum
975 3968 1103 4039 tertium,
1127 3981 1190 4025 esse
1209 3963 1375 4024 honestiore

231 4079 261 4134 et
281 4071 424 4135 nobiliore
451 4071 515 4133 loco
543 4075 661 4138 natum,
690 4071 739 4144 qni
767 4068 898 4130 homines
919 4063 1065 4126 inferioris
1087 4063 1195 4126 ordinis
1215 4067 1266 4124 aut
1293 4065 1373 4137 parvi

232 4173 367 4234 aestimet
388 4176 439 4234 aut
460 4186 580 4245 prorsus
602 4174 777 4233 contemnat.
811 4167 873 4240 Quo
888 4168 917 4227 in
933 4169 1099 4239 contemptu
1114 4163 1256 4224 consentit
1277 4166 1375 4223 noster
