2894 4838
718 313 754 369 14

668 393 815 400 *-
1020 371 1118 494 ml
1143 361 1175 506 ῥ
1202 381 1253 460 ris
1269 385 1325 464 Γ

175 508 362 582 disceptanda
392 506 453 568 fere
483 525 600 584 prorsus
630 512 799 571 sententiam
829 527 846 570 a
876 512 1007 586 Gruppio
1028 512 1047 570 l.
1070 530 1094 572 o.
1117 530 1145 587 p.
1170 512 1229 572 140
1251 529 1317 588 sqq.

153 615 158 628 ·
175 608 353 680 propositam
375 610 541 683 amplector.
577 607 683 668 Omnes
704 609 797 669 adhuc
818 610 1001 683 interpretes,
1015 613 1071 671 nisi
1086 614 1203 688 egregie
1218 611 1317 687 fallor,

176 708 282 767 amicos
302 709 332 766 in
354 702 477 766 rueme
498 711 645 782 Etruriae,
668 709 770 783 quibus
791 710 960 770 abundabat
980 712 1051 772 baec
1072 729 1141 786 pars
1162 713 1265 773 Italiae
1278 711 1318 789 ¹),

177 813 324 868 versantes
352 809 406 866 sibi
433 806 586 869 finxerunt.
630 809 707 882 Quas
732 809 858 869 thermas
885 810 966 870 adire
986 812 1119 874 solebant
1141 829 1195 888 per
1213 814 1318 873 hiemis

177 912 207 966 et
227 908 302 966 veris
323 913 453 983 tempora
474 910 598 969 Romani
620 909 730 980 divites,
751 909 802 968 sed
823 926 876 983 par
898 917 1038 971 aestatem
1053 913 1319 988 caniculariumque

177 1006 287 1066 diarum
309 1008 433 1068 calorem
454 1009 498 1068 his
518 1009 626 1068 relictis
648 1010 679 1067 in
700 1024 787 1084 agros
807 1025 841 1068 ac
862 1018 973 1071 montes
994 1012 1138 1085 recedere,
1161 1013 1198 1072 do
1212 1029 1269 1086 qua
1283 1031 1318 1073 ra

177 1107 221 1164 ita
239 1111 272 1166 nt
290 1107 377 1167 Raias
399 1110 557 1182 respiceret
579 1110 717 1169 certiores
737 1125 790 1168 nos
809 1108 878 1170 iecit
912 1112 1056 1172 Martialis
1076 1113 1126 1184 IV,
1142 1115 1191 1187 57,
1215 1116 1232 1174 5
1256 1130 1319 1188 sqq.

179 1203 238 1279 (ed.
260 1207 486 1280 Schneidewin):

314 1360 461 1426 Horrida
482 1361 538 1426 aed
558 1361 681 1442 ferverat
701 1361 851 1427 Nemeaei
868 1375 997 1450 pectora
1017 1365 1155 1443 morum,

345 1461 412 1528 Nec
433 1464 512 1527 actia
534 1476 576 1527 est
598 1461 703 1527 Boios
724 1465 795 1550 ique
817 1463 918 1527 calere
940 1485 1014 1528 suo:

314 1561 401 1648 Ergo
421 1565 507 1628 sacri
528 1563 627 1631 fontes
650 1575 679 1626 et
699 1563 793 1627 litora
813 1563 1036 1648 protendere,

348 1661 570 1750 Nympharum
586 1665 716 1750 puriter
737 1661 971 1749 Nereidumque
991 1663 1109 1730 domus.

315 1761 486 1827 Herculeos
507 1763 597 1829 colles
618 1763 725 1851 gelido
745 1785 798 1828 voa
820 1764 933 1828 vincito
955 1763 1075 1838 bruma,

347 1863 441 1928 Nunc
465 1862 636 1928 Tiburtinos
657 1863 753 1952 cedite
765 1863 957 1950 fr‘a‘poru‘bua.

266 2028 346 2088 Haeo
356 2029 559 2103 interpretatio
574 2045 638 2087 cum
652 2028 808 2103 probabilis
818 2031 856 2089 sit
867 2047 958 2104 neque
972 2030 1079 2090 habeat
1093 2029 1169 2104 quod
1183 2029 1319 2102 offendet,

182 2131 344 2190 necessaria
376 2145 434 2187 non
455 2134 509 2188 est.
552 2127 675 2188 Prorsus
695 2130 772 2188 enim
793 2129 893 2189 eodem
916 2130 979 2188 iure
1001 2145 1058 2188 non
1080 2131 1209 2190 thermas
1232 2129 1320 2189 Etru·
1436 2108 1437 2150 ¹

182 2233 243 2291 riae
264 2230 314 2290 sed
335 2246 424 2304 aquas
451 2231 546 2304 potius
567 2230 613 2290 vel
641 2246 754 2290 amnem
782 2218 924 2302 quendam
952 2230 1111 2305 intellegas,
1133 2246 1217 2304 quem
1239 2231 1322 2290 amici
1437 2202 1438 2231 ¹

75 2338 81 2353 '
184 2330 318 2391 adierint.
370 2331 404 2389 In
436 2347 549 2391 amnem
579 2338 675 2392 autem
703 2332 751 2389 vix
786 2333 878 2391 minus
911 2329 980 2388 mibi
1011 2330 1144 2392 uidentur
1177 2332 1322 2404 quadrare

185 2437 215 2491 et
235 2448 262 2489 v.
286 2432 338 2490 30:

427 2529 470 2594 Et
481 2529 600 2617 facilis
622 2531 709 2595 lectu
725 2530 857 2616 pellitur
877 2527 964 2594 undu
984 2553 1081 2594 mauu

186 2676 215 2730 et
236 2668 325 2730 verba
344 2686 418 2744 quae
439 2675 505 2730 sunt
526 2673 557 2730 in
577 2687 603 2729 v.
631 2674 663 2728 1:

434 2793 580 2860 Etruscis
600 2808 708 2860 manat
729 2817 808 2883 quae
820 2792 965 2880 fontibus
985 2791 1074 2859 undo

188 2937 259 3008 (quo
287 2936 317 2992 in
341 2950 427 2993 versu
456 2935 565 2992 minimi
594 2935 789 3004 aestimamus,
813 2931 888 3006 quod
910 2949 982 3006 quae
1003 2937 1097 2991 exstat
1124 2932 1266 3004 scriptura
1294 2933 1324 2990 in

187 3035 333 3094 nonnullis
354 3032 434 3092 libris
455 3026 605 3090 montibus
628 3048 645 3090 a
667 3031 769 3090 Vossio
790 3034 820 3091 in
841 3031 993 3091 verborum
1015 3036 1179 3091 contextum
1207 3037 1325 3105 recepta

188 3132 254 3207 est).
284 3135 314 3194 Si
335 3151 404 3194 vcro
425 3133 512 3192 Baias
534 3137 621 3205 poeta
635 3136 851 3202 commemorat,
875 3147 933 3190 non
954 3132 1129 3192 thermarum
1150 3131 1325 3206 fontiumque

188 3235 420 3308 sulphuratorum
442 3234 583 3293 rationem
605 3233 703 3301 babet,
718 3234 766 3305 qui
780 3249 869 3307 prope
884 3231 970 3292 Baias
991 3237 1065 3302 sunt,
1087 3232 1138 3291 sed
1159 3232 1213 3291 hae
1235 3247 1326 3307 aquae

189 3351 280 3407 paene
309 3335 499 3406 metonymice
528 3338 595 3392 sunt
625 3333 720 3393 diotae
747 3350 801 3406 pro
829 3332 957 3408 quolibet
981 3332 1101 3391 divitum
1130 3330 1325 3392 Romanorum

189 3434 309 3509 refugio.

272 3535 333 3593 Iam
363 3535 510 3608 quaeritur
538 3536 585 3609 qui
614 3534 722 3594 luerint
750 3535 860 3594 amici
890 3534 947 3606 illi;
978 3534 1107 3606 suspicor
1128 3532 1273 3593 Tibullum
1296 3537 1325 3590 et

190 3633 355 3694 Messallam
386 3634 595 3708 intellegendos
630 3650 701 3693 esse.
755 3633 931 3708 Quamquam
968 3632 1097 3694 Ovidium
1131 3649 1224 3708 paene
1256 3632 1328 3692 adu·

241 3999 245 4015 .
280 3963 300 4032 ¹)
319 3968 359 4018 Cf.
383 3968 469 4021 Strab.
492 3969 524 4032 V,
548 3971 572 4032 2,
591 3970 607 4018 9
631 3985 655 4035 p.
681 3969 739 4032 189,
764 3969 780 4016 2
804 3965 856 4034 (ed.
881 3965 994 4016 Mueller
1017 3971 1043 4016 et
1067 3962 1216 4032 Duabner)=
1239 3950 1327 4032 acldq'

193 4047 222 4102 dl
246 4051 289 4103 nol
312 4052 367 4106 τῶν
396 4049 507 4125 θερμῶν
532 4043 643 4107 ὑδάτων
667 4048 789 4123 ἀφθονία
815 4039 886 4104 κατα
907 4041 957 4122 τήν
983 4050 1130 4124 Τυρρηνίαν
1153 4050 1193 4117 τῷ
1215 4051 1327 4119 πλησίον

193 4125 260 4189 εἶναι
282 4131 331 4208 τῆς
352 4127 460 4214 Ῥὸμης,
490 4134 546 4212 οὐχ
573 4128 658 4212 ἧττον
682 4135 805 4212 ουάνδροῖ
823 4138 877 4191 τῶν
907 4139 933 4189 lv
963 4139 1068 4204 Βαΐαις,
1094 4130 1112 4190 ἆ
1139 4133 1326 4209 ὃιωνόμαόααι

192 4211 260 4275 nola}
287 4215 394 4278 aduror
417 4222 547 4302 μάλιστα.
583 4229 671 4281 Adeas
695 4229 838 4280 Mannartii
864 4223 1039 4294 ,Geogrsphie
1058 4225 1105 4278 dar
1122 4225 1254 4278 Grieoheu
1272 4224 1327 4276 und

192 4313 296 4364 Rbrner‘
318 4321 381 4366 tom.
399 4316 448 4381 IX,
469 4319 491 4365 1.
510 4331 535 4382 p.
554 4316 603 4366 351
622 4331 679 4382 sqq.
