2894 4838
616 244 765 332 —623—

112 444 289 506 oblivionem
301 443 411 516 cepisse
424 442 565 504 rideatur.
608 440 742 500 Ovidium
763 442 862 499 autem
886 455 979 514 paene
992 456 1114 513 puerum
1128 444 1259 504 carmine

111 545 312 618 composuisse
332 543 394 614 ipse
414 543 541 617 posteris
562 539 682 600 tradidit
703 539 793 598 Trist.
815 538 867 611 IV,
891 542 939 611 10,
964 540 1002 597 19
1025 555 1083 613 sq.:

267 637 311 699 Ac
330 634 408 699 mibi
427 636 496 708 ,o'om
514 656 642 720 puero
664 632 813 698 caelestia
832 654 928 696 sacro
943 631 1116 718 placebant

308 735 410 820 Inque
430 757 521 799 snam
533 733 688 818 fartim
712 732 807 798 Maso
828 731 970 797 trahebat
989 755 1076 818 opas.

205 841 267 902 Nec
288 846 387 901 temen
408 844 478 900 ante
502 841 632 913 quintum
654 838 797 899 decimum
820 839 926 898 aetatis
948 855 1054 898 annum
1074 854 1175 899 versus
1197 856 1263 901 eum
1287 811 1297 892 Ῑ

116 943 261 1018 pepigisse
282 957 318 1001 ex
339 940 470 1000 eiusdem
491 940 601 1014 elegiae
622 955 648 998 v.
672 941 711 998 27
734 938 905 998 concludere
926 937 1002 998 licet.
1046 937 1103 998 Sed
1125 940 1180 1000 hec
1201 937 1263 1001 fere

117 1048 215 1104 aetate
242 1041 288 1100 vel
314 1043 401 1114 paulo
422 1045 487 1114 post
508 1040 633 1114 primum
654 1040 684 1098 in
705 1036 836 1097 versibus
858 1036 1075 1110 componendis
1095 1039 1262 1100 tirocinium

117 1141 236 1202 Ovidius
256 1139 335 1200 fecit.
377 1141 412 1198 In
432 1139 548 1214 publico
577 1144 675 1198 autem
696 1138 827 1197 carmina
855 1152 892 1194 ex
920 1152 1000 1196 more
1030 1143 1185 1210 poetarum
1214 1141 1263 1214 qui

116 1247 178 1301 tum
200 1239 344 1301 florebant
356 1255 422 1299 eum
435 1238 500 1298 iere
521 1239 623 1314 viginti
643 1254 732 1297 unum
752 1237 797 1296 vel
811 1237 907 1309 plures
921 1252 1011 1296 annos
1025 1242 1125 1296 uatum
1138 1239 1264 1311 primum

116 1342 257 1402 recitasse
278 1339 437 1414 colligimus
457 1353 495 1398 ex
516 1356 543 1398 v.
566 1339 606 1399 57
629 1354 707 1412 sqq.:

270 1429 426 1497 Uermina
447 1453 517 1496 cona
539 1431 680 1517 primam
698 1429 817 1515 popolo
838 1428 992 1494 iuvenilia
1012 1429 1084 1516 legi,

317 1531 418 1596 barba
439 1542 556 1596 resecas
576 1529 653 1594 mibi
674 1529 754 1594 bbce
767 1533 894 1595 semelve
906 1530 1020 1615 satist)

268 1643 405 1696 monaci
424 1632 584 1716 ingenium
605 1641 700 1696 iotam
721 1640 849 1694 cantata
867 1651 927 1714 per
947 1629 1055 1694 arbem

317 1733 439 1795 nomine
460 1754 522 1796 non
543 1752 615 1795 nero
636 1729 724 1794 dicta
747 1730 886 1795 &mana
906 1729 993 1794 mibi.

202 1831 264 1895 lam
285 1841 354 1894 ente
374 1836 430 1896 hoc
450 1841 574 1910 tempus,
603 1853 669 1896 cum
691 1832 809 1894 Ovidius
836 1834 978 1894 decimum
999 1841 1110 1894 sextum
1138 1833 1200 1894 fere
1220 1836 1266 1896 vel

115 1936 270 2009 septimum
283 1951 392 1995 annum
403 1940 513 2009 ageret,
536 1936 646 2010 scripta
659 1939 734 2004 sunt,
759 1934 816 1994 nisi
830 1937 946 2009 egregie
959 1934 1056 2006 fuller,
1078 1952 1114 1995 ee
1124 1937 1264 2008 carmina,

118 2035 222 2110 quibus
243 2033 360 2095 Neaera
387 2034 561 2103 celebratur,
591 2040 622 2095 et
642 2034 774 2108 pluribus
803 2036 887 2094 annis
912 2040 1064 2108 postquam
1092 2041 1180 2110 poete
1200 2052 1264 2095 car·

118 2133 243 2193 minibus
270 2125 330 2194 ism
357 2135 488 2194 recitatis
510 2136 606 2195 clarus
626 2131 720 2194 factus
741 2139 794 2205 est,
824 2133 947 2208 epistola
975 2135 1076 2207 quinta
1095 2134 1166 2194 libri
1185 2137 1266 2196 tertii

118 2235 157 2295 ad
178 2236 285 2294 amicos
304 2234 418 2293 videtur
439 2233 509 2294 data
529 2249 602 2292 esse.
647 2234 775 2306 Quocum
798 2238 960 2306 temporum
982 2235 1082 2294 ordine
1104 2234 1177 2296 bone
1197 2252 1266 2296 con·

118 2335 206 2408 giuli,
237 2332 316 2406 qnod
343 2349 435 2406 neque
467 2349 503 2392 ex
531 2333 652 2408 Vergilii
675 2334 806 2395 Aeneide
837 2349 930 2407 neque
956 2350 991 2393 ex
1011 2333 1158 2408 Propertii
1185 2335 1266 2395 libris

116 2431 329 2506 posterioribus
350 2448 443 2506 neque
466 2449 501 2491 ex
514 2432 638 2492 Horatio
661 2449 754 2506 neque
775 2450 812 2492 ex
826 2432 934 2493 Tibulli
955 2433 1031 2493 libro
1045 2435 1170 2495 secundo
1184 2436 1266 2509 quid·

118 2547 205 2604 quam
227 2531 388 2591 imitatione
411 2533 587 2606 expressisse
602 2531 802 2608 ,Lygdamum‘
825 2549 914 2606 supra
935 2533 1200 2594 demonstravimus.

201 2629 307 2690 Utrum
338 2648 371 2691 re
402 2649 471 2691 vera
503 2637 591 2705 poeta
619 2631 764 2692 Neaeram
801 2635 943 2692 amaverit
971 2651 1062 2694 necne
1090 2634 1194 2696 futtilis
1221 2642 1267 2696 est

118 2730 258 2803 quaestio,
282 2745 346 2787 cum
367 2731 440 2788 nihil
462 2731 535 2792 certi
556 2730 592 2790 de
612 2729 668 2788 hac
688 2747 721 2790 re
742 2730 883 2791 traditum
905 2733 1062 2792 habeamus
1083 2751 1138 2794 nec
1159 2735 1265 2808 proba·

2 2877 3 2914 3
120 2825 180 2886 bile
201 2843 263 2886 esse
277 2826 410 2886 videatur
430 2826 482 2888 sub
497 2828 552 2887 hoc
572 2829 689 2890 nomine
701 2827 858 2891 Corinnam
881 2832 983 2910 latere,
1000 2836 1126 2908 quamvis
1140 2836 1264 2896 alterum

2 2945 3 2950 ¹
118 2941 223 2985 nomen
240 2924 390 3000 (υ-υ)
414 2942 469 3000 pro
484 2927 576 2986 altero
589 2926 668 2987 facili
681 2932 798 3003 negotio
813 2932 947 2991 substitui
961 2934 1067 3009 possit3
1089 2936 1139 2995 sed
1153 2940 1186 2996 ut
1204 2939 1266 2996 veri

119 3023 230 3097 aliquid
261 3025 291 3082 in
320 3030 490 3100 argumento
520 3026 678 3102 elegiarum
706 3029 784 3102 insit,
816 3035 916 3114 tamen
947 3032 1049 3092 eodem
1081 3035 1175 3112 modo,
1208 3053 1265 3109 quo

119 3137 226 3203 magna
247 3139 317 3198 pers
339 3124 510 3199 Heroidum,
540 3128 665 3201 speciem
692 3129 820 3188 tirocinii
850 3131 1104 3206 suasoriarumqne
1133 3151 1205 3207 prae
1235 3151 1266 3194 se

3 3227 4 3234 ’
118 3219 226 3295 ferunt,
243 3223 345 3295 quibus
358 3224 489 3285 Ovidium
504 3227 628 3286 maxime
643 3227 819 3287 delectatum
833 3245 898 3289 osse
913 3231 998 3292 docet
1011 3233 1121 3293 Seneca
1134 3238 1265 3295 controv.

118 3322 157 3393 Π,
179 3323 197 3377 2
221 3319 297 3393 (10),
321 3325 376 3379 12:
398 3323 590 3389 ,declamabat
611 3330 709 3384 autem
729 3327 808 3389 Naso
829 3344 898 3389 raro
921 3335 1134 3393 controversias
1157 3341 1187 3394 et
1207 3351 1265 3395 non

119 3421 176 3480 nisi
196 3413 321 3492 ethicas3
344 3418 480 3481 libentius
501 3422 617 3482 dicebat
639 3427 804 3486 suasorias‘.
848 3429 940 3501 Quam
964 3435 1135 3492 sententium
1157 3436 1266 3507 optimo

118 3519 182 3578 iure
210 3518 352 3590 expressit
373 3519 488 3580 Herder
509 3531 616 3596 noster,
650 3539 715 3583 cum
734 3525 806 3586 haec
828 3531 984 3592 scriberet:
1029 3533 1095 3606 ‚Die
1117 3533 1265 3594 Heroides

91 3634 96 3647 ·
119 3617 208 3678 Ovids
230 3618 296 3677 sind
316 3617 479 3694 Uebungeu
506 3620 613 3682 ebenso
642 3624 696 3684 wie
721 3624 775 3684 des
796 3627 885 3690 dritte
907 3629 990 3692 Buch
1011 3632 1062 3692 des
1084 3633 1180 3694 Tibull
1200 3635 1265 3694 eine

118 3713 244 3792 Uebung
265 3716 323 3775 ist‘
365 3717 472 3780 Nescio
494 3737 533 3781 an
552 3723 654 3783 eodem
674 3725 829 3787 referenda
849 3731 916 3802 sint,
946 3746 1019 3805 quae
1039 3732 1213 3807 Bernhardy
1234 3735 1265 3794 in

3 3865 4 3898 3
120 3815 222 3875 histor.
243 3817 334 3877 litter.
350 3817 434 3878 Rom.
457 3820 493 3880 de
513 3820 580 3882 libri
594 3825 675 3883 tertii
694 3827 792 3886 colore
809 3829 957 3889 rhetorico
976 3831 1123 3892 sTibullo
1144 3849 1264 3906 prorsus

4 3961 5 3998 ἦ
118 3913 214 3974 alieno
246 3918 354 3988 optime
387 3917 475 4000 dixit:
519 3921 591 3993 ,Der
611 3923 761 3986 Veriasser
792 3927 897 3988 besitzt
919 3931 1027 3991 weicbe
1049 3933 1175 3993 Formen
1202 3934 1264 3995 uud

190 4120 211 4188 1)
229 4123 349 4176 Primum
367 4128 441 4193 epud
458 4129 592 4183 Romanos
609 4133 695 4186 barba
711 4139 827 4188 resecari
845 4139 951 4192 solebat
973 4142 1029 4192 lere
1047 4158 1118 4196 enno
1136 4145 1265 4198 vicesimo

119 4206 205 4271 primo
223 4209 268 4262 rel
285 4210 368 4264 altero
385 4210 430 4281 (ol.
449 4215 579 4270 Heinrich
598 4218 632 4270 nd
650 4220 708 4273 luv.
726 4223 798 4289 XIV,
819 4225 888 4290 216).
